2992 4867
239 103 304 170 640
709 96 922 163 usuuuuu

243 268 444 357 inperfectum
463 264 563 331 adhuc
582 272 613 330 et
630 262 760 329 informe
781 274 828 330 est
847 273 879 329 et
896 264 934 329 ad
957 264 1174 349 perfectionem
1194 264 1243 330 sui
1267 284 1322 350 per
1341 285 1413 349 pro·

242 354 378 422 cedentis
398 350 472 416 artis
491 359 523 415 et
545 351 691 433 temporis
710 350 916 415 additamento
938 349 1104 415 formatur:
1140 371 1213 434 ergo
1237 358 1347 416 natura
1371 348 1414 413 ia·

243 440 364 505 bricans
386 456 469 502 avem
491 436 529 499 ab
550 433 670 501 informi
694 434 869 499 rudimento
889 435 1007 518 coepit,
1026 442 1058 499 et
1078 456 1185 511 ovum,
1204 436 1234 498 in
1257 454 1321 519 qno
1341 454 1414 497 nec·

243 526 316 591 dum
337 530 384 587 cst
403 519 520 605 species
538 520 685 596 animalis,
703 519 819 583 effecit:
836 540 874 583 ex
894 519 953 584 hoc
972 518 1124 603 perfectae
1143 520 1206 583 avis
1224 518 1341 605 species
1362 538 1416 581 ex·

213 610 304 676 dtitit
325 604 508 693 procedente
529 604 675 689 paulatim
698 603 881 668 maturitatis
909 606 1029 670 effectu.
1074 604 1192 669 Deinde
1218 601 1367 688 quicquid
1396 624 1415 666 a

244 704 353 760 natum
373 688 462 756 variis
484 690 641 754 ornatibus
663 698 820 773 comptum
843 697 891 752 est
917 689 983 753 sine
1003 689 1099 753 dubio
1117 688 1218 773 coepit
1237 710 1255 752 a
1273 687 1416 772 simplici,

245 788 276 844 et
297 780 337 842 ita
355 774 557 841 contextionis
575 774 748 838 accessione
769 772 915 838 vadatum
937 781 998 837 est:
1034 793 1107 857 ergo
1133 793 1225 837 ovum
1250 773 1315 837 visu
1340 772 1416 837 sirn-

193 864 333 957 [mslpler
353 869 386 924 ct
404 859 541 943 undique
563 878 683 923 versum
711 857 777 942 pari
801 858 903 942 specie
923 867 1058 922 creatum
1080 866 1143 933 est,
1173 866 1206 921 et
1227 877 1264 921 cx
1289 857 1342 921 illo
1363 878 1415 921 ra·

214 949 335 1021 5rictas
362 952 526 1010 omatunm
548 943 661 1027 quibus
687 950 809 1006 constat
834 942 898 1006 aris
926 942 1043 1026 species
1064 942 1204 1007 absoluta
1225 950 1281 1007 est.
1335 942 1414 1006 Nam

244 1034 323 1098 sicut
342 1030 491 1094 elementa
514 1028 597 1113 prius
620 1027 788 1091 extiterunt
808 1035 839 1091 et
858 1025 902 1091 ita
921 1027 1038 1124 reliqua
1058 1047 1187 1111 corpora
1207 1027 1246 1090 do
1266 1027 1414 1091 commix-

244 1118 328 1183 tione
352 1134 458 1179 eorum
483 1121 582 1177 creata
605 1119 692 1176 sunt:
713 1111 755 1175 ita
772 1112 906 1175 rationes
923 1112 1082 1176 seminales
1102 1132 1181 1197 quae
1200 1112 1232 1175 in
1253 1132 1314 1176 ovo
1331 1120 1415 1188 sunt,

243 1202 268 1266 si
295 1199 418 1268 venialia
446 1198 504 1262 erit
535 1198 592 1262 ista
623 1196 796 1273 translatio,
833 1195 916 1261 velut
936 1196 1086 1281 quaedam
1112 1196 1240 1293 gallinae
1265 1197 1415 1261 elementa

214 1283 394 1356 derodendo
413 1291 494 1346 sunt.
533 1282 595 1347 Nec
617 1282 781 1366 inportune
799 1280 972 1357 elementis,
1009 1282 1047 1346 do
1072 1282 1185 1364 quibus
1206 1282 1414 1357 contemnis,

243 1392 334 1437 ovum
362 1368 603 1452 conparaverim:
637 1367 667 1430 in
696 1366 780 1430 omni
807 1366 889 1429 enim
917 1384 1026 1449 genere
1047 1364 1244 1430 animantium
1271 1386 1352 1463 qnae
1376 1386 1416 1429 es

243 1456 385 1521 coitione«
403 1460 570 1517 nascuntur
595 1450 730 1515 invenies
757 1471 849 1515 ovum
876 1450 1047 1535 aliquorum
1075 1470 1142 1515 esse
1163 1450 1344 1536 principium
1368 1450 1414 1513 in·

244 1550 307 1606 star
331 1537 482 1603 elementi.
526 1542 591 1601 Aut
617 1536 699 1600 enirn
726 1536 908 1619 gradiuntur
932 1534 1097 1599 animantia
1125 1543 1178 1599 sut
1206 1544 1334 1632 serpunt
1359 1544 1415 1599 sut

215 1624 346 1693 'inando
371 1622 539 1687 votandovc
562 1620 675 1685 vivunt.
722 1622 758 1683 ln
783 1619 992 1703 gradientibus
1024 1619 1154 1685 lacertae
1180 1629 1213 1685 ct
1237 1618 1346 1684 similia
1376 1640 1415 1684 es

244 1710 310 1775 ovis
332 1716 486 1773 creantur:
509 1725 588 1789 quae
609 1710 736 1787 serpunt
755 1704 822 1768 ovis
840 1713 1008 1769 nascuntur
1026 1704 1166 1769 exordio:
1189 1703 1321 1769 volantia
1344 1704 1414 1769 uni·

244 1814 329 1860 versa
356 1792 393 1854 dc
419 1789 483 1852 ovis
509 1788 661 1872 prodeunt
687 1796 814 1870 excepto
840 1808 903 1851 uno
931 1788 1013 1883 quod
1043 1788 1177 1852 incertae
1202 1795 1329 1852 naturae
1355 1796 1414 1859 est:

242 1896 311 1940 nam
333 1872 505 1956 vespertilio
526 1872 607 1934 volat
629 1870 753 1952 quidem
774 1870 978 1952 politianus,
1012 1872 1067 1934 sed
1098 1873 1178 1937 inter
1198 1872 1330 1943 solantia
1350 1893 1413 1936 non

241 1956 398 2024 habendus
428 1961 475 2019 est
503 1953 555 2039 qui
583 1960 730 2039 quattuor
761 1952 889 2037 pedibus
914 1952 1053 2037 graditur
1076 1953 1288 2041 formatosque
1314 1956 1415 2043 pullos

308 2151 389 2220 [nn.
405 2146 511 2203 sesn.

241 2236 420 2289 estimabitur
439 2233 495 2283 sic.
530 2232 723 2285 cstisrolotur
741 2230 772 2283 is.
790 2258 817 2271 -
838 2229 963 2283 ociosolis
979 2266 1023 2293 ,..
1041 2228 1100 2283 cois
1116 2230 1214 2297 specics
1232 2248 1287 2284 oro.
1303 2230 1390 2284 Sv·s.

309 2306 334 2355 4.
363 2306 561 2367 conparatum
581 2316 641 2365 v-g.
676 2297 894 2367 concepturis·
921 2322 954 2337 -
979 2298 1152 2349 contexionis
1171 2298 1201 2348 tr.
1231 2325 1265 2338 —
1293 2308 1415 2353 rroots·

242 2378 311 2433 (om.
329 2374 382 2434 est)
400 2368 435 2420 fl.
456 2394 487 2405 -
506 2382 537 2419 es
552 2367 607 2417 illo
619 2366 729 2433 Sile-g.
830 2371 857 2418 t.
880 2372 905 2415 ct
922 2365 962 2416 ito
976 2362 1095 2432 sur-og
1110 2370 1145 2431 (g
1163 2366 1191 2417 in
1207 2382 1281 2433 ruga
1298 2366 1414 2429 „Dictis

241 2441 282 2491 ito
300 2454 389 2503 neque
405 2435 440 2488 sd
459 2450 516 2485 rem
537 2432 685 2500 quicquam
707 2433 777 2487 lacit
799 2448 889 2498 oeque
906 2431 1028 2483 habetur
1048 2430 1077 2481 io
1097 2431 1221 2498 sotiquis
1242 2434 1416 2500 exemplari·

242 2506 350 2566 bns.“).
368 2530 400 2541 -
424 2503 612 2556 commistione
629 2502 658 2553 S.
676 2528 709 2540 -
732 2504 788 2553 siue
808 2500 893 2552 scolis
916 2498 947 2550 S.
1049 2502 1075 2549 6.
1101 2502 1173 2551 oncri
1196 2504 1264 2563 (orn.
1286 2502 1329 2561 is)
1352 2518 1414 2569 r-g.

241 2599 275 2613 -
292 2574 471 2624 urimonte·
489 2568 518 2620 S.
605 2574 629 2618 1.
655 2569 712 2621 onis
725 2576 882 2620 noscuntur·
899 2565 1018 2617 Exordio
1033 2565 1155 2617 volcatio
1170 2566 1414 2620 APSHvitist

241 2642 289 2705 (vl
310 2638 478 2696 colonatum,-
495 2636 512 2687 b
528 2636 677 2701 Exordio).
713 2638 761 2687 coi
778 2640 924 2687 ooscustur
940 2633 1056 2685 exordio.
1084 2634 1210 2686 l'olostio
1227 2634 1288 2685 ls-s.
1318 2635 1414 2699 „Edit-

242 2711 297 2757 sst.
310 2705 383 2771 legit
401 2710 429 2755 ot
447 2702 599 2768 distinguit
618 2702 735 2753 rectius:
760 2705 864 2767 Quces
911 2709 959 2752 urst
977 2700 1034 2751 ovis
1052 2709 1205 2753 noscuntur.
1223 2702 1348 2754 Exordio
1364 2721 1412 2754 oo-

240 2775 356 2826 lantio.“
370 2770 455 2821 Zeus.
473 2769 615 2828 (disordio
631 2768 697 2823 hinc
715 2770 830 2820 transiit
843 2718 915 2830 inni,
933 2767 982 2818 sed
1000 2783 1053 2817 noo
1070 2768 1176 2833 tegitur
1192 2767 1219 2819 in
1238 2772 1294 2835 οἳ).
1312 2797 1340 2809 -
1358 2771 1412 2821 oli-

236 2842 288 2906 sia
307 2840 338 2889 Ρ.
353 2863 384 2875 ·-
406 2834 567 2903 ψύαι-Μ’.
583 2862 615 2873 -
635 2835 788 2888 Noluistis
809 2852 868 2903 c-g.
892 2860 927 2873 -
951 2834 1136 2887 cocodrillus
1153 2836 1176 2887 A
1193 2853 1209 2888 a
1228 2853 1256 2905 p.
1273 2853 1325 2899 ηις
1342 2854 1413 2889 cor·

274 3024 311 3076 od
325 3022 511 3091 perfectionem
527 3022 580 3089 sor]
597 3020 657 3072 illd.
671 3021 802 3091 prolsgg.
850 3027 1004 3086 scqsrsntnr
1034 3000 1207 3087 adiectum
1242 3030 1272 3076 st
1302 3022 1331 3075 is
1360 3024 1413 3076 ills

241 3110 268 3159 p.
287 3106 380 3143 ssxss.
850 3087 992 3139 enuntiato
1020 3106 1136 3140 necessa
1161 3098 1205 3142 est
1230 3090 1320 3157 primo
1350 3092 1414 3143 loeo

273 3156 392 3224 necdum]
419 3155 494 3220 (31.5
513 3158 554 3207 1³.
576 3160 604 3207 ct
625 3157 753 3225 prolcgg.
772 3175 800 3224 p.
851 3164 971 3221 ponetur
988 3171 1041 3207 vox
1063 3159 1192 3209 coloratio.
1227 3159 1414 3210 Ptoooasssrns

240 3242 298 3279 sos.
318 3226 389 3277 soci.
849 3231 996 3275 summor
1015 3224 1122 3275 ssordio
1143 3226 1216 3291 spud
1238 3226 1413 3277 bisantius

275 3298 301 3345 t.
337 3292 453 3359 undique
471 3288 583 3357 oasam]
609 3288 651 3340 ci.
675 3291 709 3354 §3
727 3293 755 3340 8.
771 3294 801 3342 st
850 3289 961 3358 quidam
980 3291 1139 3343 tolerabilis
1155 3300 1200 3343 cot
1215 3293 1286 3358 (rid.
1301 3300 1361 3345 sot.
1377 3294 1413 3346 sd

240 3364 284 3412 82.
302 3367 333 3413 et
347 3377 371 3412 c.
392 3363 433 3420 14,
451 3358 464 3422 fi
482 3362 509 3408 2.
850 3358 874 3420 l,
895 3362 1023 3421 11,21.)ς
1042 3360 1092 3410 scd
1110 3376 1195 3424 qunrn
1213 3368 1349 3426 squatus
1365 3380 1414 3413 so-

274 3432 299 3479 ῦ.
333 3426 460 3491 rationes]
486 3426 546 3476 loro
567 3423 640 3475 idem
657 3421 802 3491 significet
851 3426 940 3478 lontio
951 3428 1121 3490 uniuerso,
1132 3426 1196 3479 ride
1211 3444 1248 3479 os
1262 3429 1413 3509 scripserit

240 3496 311 3563 quod
329 3494 353 3555 l,
372 3498 412 3556 11,
429 3497 472 3543 63.
490 3492 647 3544 sulstontis·
850 3509 904 3559 quc
923 3493 1061 3544 redundat
1077 3492 1193 3556 detdic,
1212 3501 1243 3547 nt
1260 3495 1332 3547 roilas
1350 3494 1415 3563 gsi-

274 3562 412 3615 ssssisrolcs
449 3566 479 3612 ct
501 3559 575 3611 inira
596 3559 710 3611 ossiolis
729 3575 801 3611 nora
851 3563 914 3613 dcun
933 3560 1062 3612 videatur
1079 3560 1240 3615 Mocmhiss
1260 3562 1414 3629 scripsisse

240 3627 801 3693 consociationem.protagg.parur.
850 3643 883 3679 ss
908 3629 1025 3690 ordios,
1053 3634 1084 3679 nt
1109 3628 1149 3679 sit
1173 3629 1247 3680 iden
1273 3630 1347 3696 qood
1375 3630 1414 3681 od

274 3702 299 3747 1.
343 3712 374 3747 ss
407 3695 527 3761 coitione]
563 3694 640 3746 ttsac
668 3710 719 3744 vox
750 3709 800 3758 pro
850 3711 931 3747 oscos
960 3696 1063 3758 casio,
1100 3711 1156 3761 quo
1181 3697 1294 3761 quidm
1326 3714 1415 3749 sessu

239 3766 310 3817 coito
336 3770 484 3828 usurpetur
505 3761 591 3812 etiarn
616 3776 632 3811 s
656 3760 755 3813 Sotion
777 3778 801 3815 ο.
850 3762 1008 3815 addendum
1026 3766 1089 3815 esst
1105 3765 1208 3830 cusis,
1230 3772 1263 3815 ut
1277 3764 1349 3817 dicit
1364 3764 1415 3815 ci·

239 3834 273 3885 10
289 3836 359 3883 asts.
377 3838 407 3881 et
423 3844 440 3880 s
459 3826 603 3879 Lactantio
623 3827 646 3890 1,
661 3832 688 3891 8,
706 3832 732 3879 d.
851 3846 916 3881 ceso
937 3830 972 3881 do
994 3830 1053 3897 leg.
1071 3846 1135 3897 sgr·
1157 3830 1183 3894 1,
1206 3836 1237 3894 2,
1257 3835 1283 3883 t.
1314 3834 1414 3885 tendit

274 3916 351 3951 eos·
378 3898 525 3948 cliuoso·
551 3911 604 3946 csse
628 3895 801 4014 principissa]
852 3898 950 3949 ltoliss
990 3899 1167 3965 possessiones
1208 3916 1246 3951 ss
1293 3900 1414 3953 ordios

240 3966 283 4018 Gi.
311 3966 425 4017 Platore
448 4000 455 4012 .
477 3980 502 4029 p.
523 3964 584 4013 6³6.
601 3962 632 4011 Ε.
661 3957 745 4013 zdav
770 3961 787 4013 d
851 3980 965 4016 cusos.
1001 3967 1073 4017 Saos
1101 3974 1140 4017 ost
1170 3966 1199 4017 is
1224 3984 1255 4017 so
1283 3968 1414 4037 diligens.

239 4028 342 4092 scilice
388 4026 452 4090 ‘aare
470 4029 521 4081 τοῦ
540 4024 645 4093 κόσμον
662 4025 800 4095 περιέχον·
853 4032 963 4084 Nellos·
978 4033 1046 4083 ssiss
1062 4034 1257 4099 praemittit.

240 4116 288 4159 soa
311 4048 395 4150 attii
414 4091 452 4156 oie
474 4096 559 4147 elusis
582 4090 659 4163 ploce
682 4088 801 4163 dccco&
884 4100 931 4165 psi
945 4135 972 4150 ..
992 4100 1129 4167 graditur]
1154 4101 1276 4165 positnsn
1297 4104 1344 4153 ost
1361 4117 1414 4167 pro

240 4160 296 4217 loss
312 4160 390 4231 τῆςέ
423 4158 481 4215 doe
504 4159 638 4229 γενέσεως.
851 4168 916 4231 quio
938 4200 963 4217 ..
990 4167 1130 4235 graditur,
1155 4168 1229 4233 qnod
1253 4167 1362 4233 legitor
1385 4170 1414 4221 is

272 4236 364 4282 sossio
386 4231 562 4296 octoadopss]
588 4228 646 4279 tid.
671 4229 801 4297 prolegg-
851 4233 915 4283 odd.
932 4249 1003 4283 rece.
1021 4233 1414 4297 estoanmiacoa.1'.‚or

239 4313 265 4361 p.
280 4298 407 4347 snaed.
430 4297 509 4349 lsirs
522 4296 651 4347 inversus
665 4304 709 4348 cst
723 4299 802 4349 ordo.
850 4299 1029 4351 scribendum
1051 4300 1139 4353 lussit
1159 4303 1317 4370 gradietur.
1356 4302 1414 4356 sas

272 4364 298 4409 t.
338 4363 395 4413 ocis
423 4372 570 4415 noscuntur
597 4363 714 4428 exordio]
742 4365 800 4415 Vos
850 4367 926 4429 oport
951 4367 1025 4418 lrssc
1050 4364 1217 4434 scriptorem
1239 4370 1415 4423 indicativus

239 4426 347 4476 nordio
368 4425 397 4477 in
416 4428 562 4481 mdtcihus
579 4445 647 4481 mss.
671 4428 709 4483 lis
727 4445 801 4495 qnos
850 4431 990 4487 seminem
1005 4432 1140 4489 otl'ssdst.
