2992 4867
346 123 706 190 SATURNALIORUM
735 126 813 190 ΜΒ.
840 126 876 190 V.
903 126 993 193 CAP.
1018 128 1059 192 ll.
1218 129 1282 195 389

106 292 227 359 sionem
252 291 363 355 Troiae
384 311 453 355 cum
477 291 593 357 Sinone
618 312 676 357 auo
703 300 735 357 et
761 313 844 378 equo
868 293 970 377 ligneo
987 295 1158 380 ceterisque
1179 298 1277 361 omoi-

106 379 166 443 bns
191 396 271 462 quae
301 374 411 440 librum
434 376 602 441 monadum
627 376 741 443 iaciunt
763 398 782 441 a
806 377 957 443 Pisandro
979 398 1075 462 poma
1090 381 1130 445 ad
1151 382 1278 447 verbum

104 461 348 545 transcripserit:
399 458 453 544 qui
485 460 565 525 inter
593 460 726 529 Graecos
757 470 864 559 poetas
888 462 1003 528 eminet
1029 484 1122 549 opera
1147 465 1231 549 quod
1260 468 1307 531 a5

104 548 223 632 nuptiis
238 545 323 611 louis
343 551 375 609 ct
395 546 524 611 lunonis
547 544 694 630 iucipiens
716 566 872 612 universas
892 546 1035 612 historias
1062 569 1143 633 qnae
1167 549 1277 615 mediis

103 632 250 697 omnibns
272 629 383 695 seculis
406 649 504 714 usque
532 631 569 695 ad
595 638 724 696 aetatem
748 631 843 716 ipsius
863 631 1004 697 Pisaudri
1026 633 1221 717 contigerant
1243 635 1275 699 in

103 736 196 781 unam
221 716 329 781 seriem
357 723 477 779 coactas
498 714 649 799 redegerit
662 724 700 781 et
720 736 815 783 unum
838 736 875 781 ex
896 716 1022 783 dirersis
1042 716 1176 783 hiatibus
1197 726 1274 783 tem·

103 822 212 899 porum
237 820 350 885 corpus
371 799 515 897 adiecerit,
532 800 562 865 iu
582 820 645 885 quo
657 818 687 867 'o
728 822 762 865 rc
782 800 862 865 inter
881 800 1023 867 historias
1043 810 1160 867 ceteras
1181 804 1273 867 inter·

100 896 171 1037 iii
184 883 608 1067 transtulerim
623 885 1177 1038 ltllr'tltttllltllt
1195 888 1324 1038 fflsiill

100 1064 132 1121 et
156 1055 232 1121 haec
250 1063 282 1120 et
302 1054 373 1118 talra
396 1062 432 1121 ut
458 1056 560 1138 pueris
581 1055 739 1119 decantata
764 1062 932 1139 praetereo.
973 1057 1038 1120 lam
1063 1077 1136 1121 aero
1155 1056 1271 1121 amos

100 1141 109 1203 i
196 1160 298 1205 nonne
331 1138 370 1203 ab
395 1140 532 1203 Homero
563 1136 621 1205 sibi
654 1148 794 1205 mutuata
826 1148 874 1203 cst
904 1160 1039 1205 errorern
1070 1141 1202 1225 primum
1232 1162 1272 1206 er

133 1225 259 1311 dysme,
283 1222 394 1289 deinde
414 1244 451 1287 ar
471 1223 568 1289 iliade
591 1226 727 1309 pugnas?
800 1223 827 1289 'a
848 1224 950 1308 operis
969 1223 1107 1289 ordinem
1131 1246 1270 1290 necessa·

99 1330 146 1375 rso
170 1330 272 1374 rcrorn
297 1308 374 1373 ordo
397 1308 539 1399 mptavit,
566 1308 739 1393 cnm-apud
791 1329 934 1374 omarum
952 1308 1036 1394 prius
1057 1310 1185 1374 lliacnm
1205 1311 1269 1375 bel-

98 1394 161 1459 lum
182 1402 300 1479 gestum
323 1392 378 1470 ait,
405 1393 514 1459 deinde
535 1394 697 1459 revertenti
720 1392 759 1457 de
777 1393 869 1459 Troia
888 1412 975 1458 error
996 1393 1158 1477 contigerit
1179 1395 1268 1471 Ulixi,

98 1479 180 1564 apnd
205 1480 460 1545 Maronemuaro
485 1483 608 1543 aonam
629 1477 782 1561 navigatio
805 1478 884 1543 bella
901 1498 983 1561 qnae
999 1487 1107 1563 postea
1129 1478 1267 1542 initalia

98 1572 172 1629 sunt
197 1571 279 1649 gesta
305 1562 523 1647 praecessorit’
555 1563 675 1645 Rursus
701 1562 855 1627 Homeros
882 1560 915 1625 in
940 1563 1055 1647 primo,
1078 1582 1148 1627 curn
1177 1563 1296 1627 vollet'l

99 1649 238 1733 iniquum
262 1647 387 1713 Graecis
413 1647 586 1745 Apollinem
617 1646 727 1722 lacere,
761 1666 883 1711 canmm
905 1647 1019 1711 struxit
1041 1646 1268 1711 desacerdotis

97 1734 224 1799 iniuria:
244 1732 308 1809 laic,
326 1741 363 1797 ut
383 1731 522 1797 Troianis
542 1733 693 1797 lunonem
712 1730 826 1795 laceret
844 1730 1004 1808 inmsmm,
1023 1750 1184 1795 cansarum
1208 1730 1267 1795 sibi

97 1818 268 1969 efferis?
293 1818 476 1967 cogparauit.
517 1818 580 1883 Nec
600 1816 674 1967 idad
697 1836 777 1965 erpa
790 1835 863 1965 cupa
885 1816 1167 1965 magnaodrelaturus
1187 1814 1295 1913 spm‚8

175 1953 183 1981 ,
218 1923 240 1967 u
275 1922 327 1967 aes
352 1924 418 1979 mo,
450 1923 513 1967 non
534 1923 617 1967 omar
663 1922 677 1967 s
701 1922 721 1965 o
776 1920 912 1976 rranm,
963 1920 986 1965 u
1033 1949 1042 1977 ,
1078 1920 1149 1964 cum
1215 1920 1267 1964 mo

96 2008 186 2055 remu
207 1987 395 2074 promisisset
413 1987 634 2073 producturum
660 2006 726 2061 aeae
745 1983 785 2051 de
801 1986 912 2050 Troiae
929 1921 1070 2051 liiorilsns
1091 1919 1244 2049 Aonepd'm:

891 2138 960 2189 Edd.
982 2134 1199 2205 siralrgsprlalr]

97 2224 152 2276 MT.
185 2232 278 2292 palas
296 2223 344 2274 Po.
367 2250 391 2260 -
416 2222 549 2273 deaurati
562 2222 658 2289 piraeo.
679 2222 709 2272 Α.
726 2247 755 2257 -
774 2220 918 2285 ceterisque
934 2220 1021 2269 aliis
1041 2218 1088 2269 Pd.
1106 2244 1138 2257 ·-
1154 2219 1191 2269 od
1207 2236 1266 2269 cer·

94 2294 155 2343 dum
172 2300 315 2358 penetrans
330 2291 464 2355 scripserit
482 2290 511 2339 Α.
613 2292 638 2337 n.
663 2285 859 2353 contingerant
873 2286 901 2334 ll.
925 2312 952 2321 -
965 2285 1086 2349 fideliter
1106 2284 1266 2335 Morotb'dd.

94 2358 124 2409 S.
141 2384 175 2395 -
192 2364 231 2408 est
248 2358 297 2407 silli
315 2356 383 2405 aad.
403 2354 431 2404 P.
535 2356 560 2405 6.
588 2353 678 2419 pueris
696 2358 765 2411 (orn.
784 2355 829 2409 at)
844 2352 874 2402 Ρ.
899 2378 932 2389 -
953 2350 1049 2399 ordisse
1067 2348 1115 2399 ΡΘ.
1140 2379 1174 2388 -
1198 2352 1267 2401 ulixi

93 2425 126 2475 Α.
162 2421 323 2490 slyer'Ssl.
362 2422 458 2487 Ulysss'
475 2418 556 2469 c·er.
575 2445 606 2456 -
631 2427 709 2485 gesto
728 2416 834 2469 sastS.
937 2420 962 2465 7.
993 2412 1155 2480 llinegin
1174 2432 1231 2481 urg.

164 2496 189 2541 8
220 2489 351 2553 esistisro
369 2487 452 2537 svau.
489 2487 597 2537 estimo
614 2488 664 2535 als
681 2512 704 2521 —
727 2485 761 2535 ia
779 2483 898 2535 onaidas
914 2488 985 2542 (sian.
1001 2486 1069 2540 nors)
1085 2482 1115 2532 S.
1133 2507 1167 2521 -
1185 2500 1218 2533 se
1236 2482 1265 2533 S.

94 2586 122 2595 -·
149 2558 182 2609 ds
201 2557 286 2609 usias
301 2555 420 2620 liuidus
437 2554 469 2605 Ρ.
493 2580 518 2591 -
543 2552 647 2617 Troice]
666 2552 733 2603 dan.
761 2551 782 2617 l,
802 2554 825 2600 l.
841 2577 874 2587 —
891 2546 1056 2624 huiusque]
1073 2548 1266 2600 diss.ctEdd.

128 2724 147 2758 a
179 2703 318 2772 Pisandro]
352 2702 412 2753 lice
447 2718 500 2753 noar
534 2698 653 2767 quadrat
703 2699 832 2751 Distrilse
857 2699 885 2750 in
907 2696 1005 2763 Eurip.
1028 2712 1054 2762 p.
1079 2699 1122 2748 24.
1149 2703 1178 2748 et
1206 2698 1265 2748 lia-

94 2790 157 2825 cnaa
183 2772 220 2824 iia
242 2787 313 2838 qnae
338 2772 472 2837 leguntur
496 2769 568 2834 apnd
588 2767 652 2819 Sui-
702 2779 798 2819 steros
814 2764 976 2817 adSrridaor
997 2764 1016 2815 Ι.
1029 2780 1063 2821 e..
1079 2765 1155 2815 unae
1172 2764 1265 2828 ipsnsn

93 2842 172 2903 dara,
201 2840 250 2907 qui
268 2838 405 2890 Pisandro
428 2835 529 2888 maiori
553 2834 654 2887 trilsait
702 2836 758 2885 doe
787 2833 938 2885 Pisandros
964 2829 1128 2885 custodisse
1157 2837 1264 2882 statue·

94 2924 178 2959 causas
217 2922 314 2972 poema
352 2905 424 2971 quod
464 2902 566 2955 luisset
608 2901 652 2953 in·
704 2909 783 2961 runt,
807 2897 956 2952 etiuniori
974 2898 1265 2963 assignassepoerua.

94 2975 228 3040 scripturn
252 2968 406 3040 Ἠρᾶκίεια,
430 2977 458 3023 et
483 2970 518 3021 de
545 2968 653 3020 minore
702 2970 777 3035 qood
802 2964 951 3022 vetustiori
977 2965 1155 3017 tribuendum
1180 2973 1266 3017 esset.

94 3042 182 3095 tradit
197 3042 282 3092 haser
303 3038 482 3103 Πείσανδρος,
497 3070 523 3089 ..
537 3031 654 3102 γεγονὼς
705 3035 884 3095 wolckerus,
907 3034 958 3084 dor
974 3031 1090 3099 apisclre
1109 3032 1213 3098 Cyclas
1238 3050 1265 3097 p.

94 3106 140 3163 eo
160 3102 333 3173 Ἀλεξάνδρου
358 3100 489 3173 βασιλέως
512 3100 562 3157 τοῦ
588 3102 653 3153 Μα-
703 3108 760 3163 99.,
780 3100 959 3167 theopamias
978 3098 1050 3151 istas
1069 3099 1263 3165 nescioquem

93 3175 179 3241 patae
196 3170 309 3235 madiis,
331 3166 465 3231 lacuatis
483 3168 531 3221 acl
551 3163 650 3228 αὐτόν·
702 3170 953 3221 Alexandrinorum
976 3167 1095 3219 ·aeteris
1133 3166 1264 3217 Pisandri

96 3240 217 3309 ἔγραψεν
237 3238 362 3307 ἱστορίαν
379 3236 502 3302 ποικίλην
520 3230 553 3286 ds'
571 3230 653 3297 ἐπῶν,
703 3235 814 3287 nomiae
857 3233 1049 3304 composuisse
1094 3232 1264 3298 suspicatur.

96 3302 129 3361 “ν
155 3303 298 3375 ἐπιγράφει
321 3300 454 3371 Ἡραϊκῶν
482 3300 652 3367 Θεογαμιῶν,
703 3300 878 3353 Macrolrinm
900 3301 935 3351 de
956 3306 1052 3349 vetere
1073 3306 1157 3364 poeto
1183 3298 1263 3361 eogi-

92 3328 253 3444 inspuere
269 3368 313 3437 ἓξ,
329 3384 369 3421 'ot
385 3376 478 3421 aetate
496 3371 584 3419 multo
604 3382 652 3431 po·
703 3377 780 3419 tasse
805 3368 907 3417 doceat
929 3366 1028 3415 vertras
1057 3365 1196 3414 micersos
1221 3364 1262 3413 lsi·

93 3440 325 3508 sterlorlirgilio
337 3438 426 3489 inisse
438 3436 559 3495 ditatur,
571 3448 652 3497 quoru
702 3436 799 3486 storias
820 3448 888 3500 paras
909 3431 1004 3483 mediis
1027 3430 1146 3481 mattas
1167 3430 1264 3480 secatis

93 3526 128 3561 ex
154 3526 187 3561 so
212 3506 343 3559 laanaissa
369 3506 458 3555 retest
483 3500 654 3552 Macrobius.
703 3516 812 3567 sapae
833 3500 875 3553 ad
902 3504 1042 3567 aetatem
1069 3496 1177 3563 ipsias
1207 3495 1262 3546 Pi-

93 3574 244 3643 laseriptlo
264 3567 400 3637 Ἡραῖνῶν
425 3564 587 3635 Osopnparis
613 3564 653 3617 vi·
703 3566 823 3619 saadrs'
840 3565 912 3616 costi
933 3569 1019 3614 mat.

93 3645 177 3695 dator
214 3641 383 3708 respondere
423 3636 461 3687 iis
499 3648 571 3699 quae
608 3647 654 3681 se-
737 3636 764 3684 ῦ.
798 3632 880 3699 qaod]
921 3630 957 3680 'st
986 3627 1166 3679 accusativos
1193 3642 1262 3693 peo-

94 3718 218 3777 qunntar
243 3708 317 3761 inira
352 3708 368 3769 5
398 3708 440 3755 §.r
474 3719 492 3757 s
517 3699 653 3767 saptia's
703 3700 772 3752 deus
793 3715 810 3750 a
832 3698 918 3748 verlso
939 3696 993 3747 s‘aes‘
1011 3696 1081 3755 iens,
1110 3694 1166 3745 nisi
1190 3695 1265 3745 torte

95 3778 182 3829 lasis
207 3785 237 3829 et
266 3772 403 3827 lssnoia
426 3768 569 3836 iusipiens,
602 3764 652 3816 sed
703 3766 795 3818 assavis
822 3772 949 3816 statuere
1003 3760 1147 3815 anciriana
1172 3760 1264 3827 serip-

91 3844 222 3911 fleyaina
255 3842 285 3893 in
314 3841 431 3891 Sanora.
458 3835 481 3886 1.
511 3833 545 3885 sd
575 3831 652 3897 virg.
703 3833 778 3885 sisse
798 3848 864 3898 pao,
889 3829 975 3895 idque
995 3835 1132 3879 matatans
1152 3844 1216 3878 ease
1233 3828 1263 3877 isa

92 3915 160 3964 Aes.
177 3910 230 3961 lits.
247 3910 285 3959 ΙΙ.
310 3914 388 3959 recte
409 3900 518 3955 monuit
534 3898 654 3951 adiecti·
703 3901 790 3981 pund,
812 3897 944 3964 qnoniam
961 3895 1108 3961 complara
1124 3894 1216 3945 iacias
1233 3893 1263 3943 irs

92 3994 159 4031 saar
183 3970 318 4043 Ἠφαϊνόν
346 3986 409 4025 ssse
432 3970 550 4021 inrorans
573 3965 654 4017 ioan·
703 3968 740 4019 als
769 3980 841 4031 qaae
871 3962 1000 4030 prosince
1030 3962 1198 4013 antecedant
1226 3960 1263 4012 als

91 4046 196 4101 dila!-
238 4042 359 4106 ideaque
401 4037 550 4105 legendam
589 4048 653 4083 essa
702 4033 760 4085 irae
776 4030 918 4098 particula
932 4027 1081 4095 incipiant.

89 4106 245 4180 tipasam,
271 4108 344 4189 qnod
363 4100 654 4170 praescissuram·
737 4098 873 4159 lsistoeias,
885 4112 954 4164 qaae
969 4132 993 4147 ..
1011 4092 1191 4163 conligarent]
1206 4092 1227 4143 i.
1237 4108 1263 4142 e.

92 4180 166 4246 dyas
183 4176 219 4229 ad
239 4174 319 4227 Sord.
336 4174 414 4224 l.·e.=
441 4169 581 4234 iidemque
598 4164 653 4217 siri
704 4166 867 4232 resdignas
882 4162 1030 4215 memoria·
1194 4184 1198 4189 ·

91 4246 168 4299 danti
191 4247 307 4295 uasent
330 4253 454 4291 errorem
478 4232 655 4287 commisisse
738 4238 763 4283 t.
799 4229 953 4297 sacerdotia]
970 4228 1113 4295 comae,
1129 4224 1166 4276 ci.
1181 4223 1265 4276 iliad.

91 4311 267 4365 Tiacrolsinnr
292 4313 321 4358 at
341 4310 491 4372 praeterea
514 4302 553 4352 lo.
577 4300 654 4351 tter·
703 4295 731 4363 ei,
752 4302 791 4349 ll.

91 4378 163 4431 siah.
205 4378 241 4429 ad
281 4370 473 4440 Tryphiodor.
514 4368 589 4417 ilisa·
625 4384 654 4447 p·
738 4380 880 4417 asamar
902 4397 928 4413 ..
954 4360 1101 4427 congeriem
1138 4355 1266 4420 Sampait

92 4461 159 4500 ιιιν
186 4460 262 4511 aas„
301 4440 352 4494 ssd
387 4432 590 4509 Valckeosrlns
624 4448 653 4487 m
704 4430 844 4499 l'irgillos
877 4430 945 4483 lllas
980 4435 1010 4480 st
1044 4441 1061 4478 a
1147 4421 1266 4491 thasias

940 4610 949 4651 l
