2992 4867
227 125 292 195 288
711 119 921 189 uuoltonu

197 297 319 362 deense
344 294 420 358 hsce
444 299 500 357 oet
557 291 685 355 Veteres
713 289 832 355 nullum
857 289 968 354 nnimnl
994 308 1114 354 sacrum
1139 290 1170 354 in
1198 291 1310 358 linibus
1339 291 1405 357 suis

228 403 296 448 esee
320 380 527 466 potiebantur,
557 375 611 440 sed
633 375 796 459 abigebant
822 375 860 440 ed
883 375 959 440 fines
984 375 1111 446 deorum
1144 377 1257 460 quibus
1282 397 1404 442 sucrum

228 474 324 533 comt:
356 464 472 529 unimus
499 481 571 524 vero
599 470 788 526 secretorum
819 460 996 536 hominum,
1032 481 1111 546 quos
1138 468 1154 500 '⁴
1178 483 1268 527 nunes
1292 463 1431 532 Gracci.

199 557 352 625 lrocont,
380 547 426 612 dis
448 546 565 610 debitus
587 546 797 610 aestimabunt.
846 546 1114 624 Quemadmodum
1137 545 1230 630 igitur
1249 548 1331 634 quod
1354 569 1403 613 sn·
1440 569 1443 575 ·

227 656 313 701 crum
335 633 373 696 ud
392 631 467 696 deos
488 630 570 716 ipsos
590 632 669 696 mitti
690 652 754 695 non
782 639 901 716 poterat
936 651 953 694 a
981 651 1014 694 se
1041 639 1143 695 tumen
1166 631 1318 698 dimittere
1339 655 1404 697 non

227 718 423 794 dubitabunt,
457 716 502 781 sic
522 716 656 794 unimus,
689 736 767 800 quus
789 736 888 780 socrus
910 715 941 779 in
967 715 1083 781 coelum
1108 716 1187 780 mitti
1210 739 1301 803 posse
1321 719 1403 784 erbi-

227 804 297 872 trcti
329 811 413 879 sunt,
448 801 586 866 viduatus
618 821 747 888 corpore
781 820 872 886 quum
903 800 1035 899 primum
1069 802 1113 866 ire
1145 801 1197 867 illo
1228 804 1401 869 voluerunt.

199 891 373 976 SDisputut
402 887 441 951 de
468 885 528 950 hoc
555 907 641 952 more
670 886 761 952 etium
788 886 949 950 Trebatius
974 886 1167 970 Religionum
1199 888 1275 953 libro
1307 911 1402 966 nono,

227 971 1402 1128 tltimittuntur..pulluli..⁰tlt..i¹¹.⁵..⁰.⁰¹ll.i⁶l.¹tt‘⁰’

177 1167 228 1235 [n]
314 1144 399 1208 Vlll.
454 1142 677 1209 Nonnullorum
716 1162 796 1227 quoe
829 1140 1029 1206 scientissime
1063 1141 1180 1229 proluta
1216 1154 1288 1210 sunt
1324 1145 1403 1210 mule

229 1229 415 1296 enunu'undc
437 1227 662 1313 corrumpimus
684 1226 879 1312 dignitatern,
902 1235 939 1292 ut
960 1227 1084 1311 quidum
1103 1227 1224 1312 legunt:

356 1313 483 1462 Ducff
504 1336 542 1379 ce
563 1314 685 1379 ducem
705 1313 762 1378 deu
777 1313 930 1398 fluounom
949 1315 1027 1378 soter
1047 1325 1073 1378 et
1090 1313 1185 1378 iustu

466 1419 524 1473 ΨΥ,

197 1484 369 1554 econius
409 1481 564 1547 cctissimc
587 1479 713 1546 dixerit:
744 1483 868 1547 ducens
889 1482 957 1559 dec,
987 1503 1048 1546 non
1068 1483 1131 1548 den
1168 1482 1246 1550 Num
1267 1489 1299 1550 ot
1318 1483 1400 1570 upud

228 1570 353 1639 Celsum
376 1567 541 1634 Aterimus
563 1565 705 1632 adfirmet
726 1566 905 1651 legendum:

294 1764 374 1833 [no.
392 1763 520 1816 soors.

226 1849 326 1902 iusti.
351 1874 386 1888 -
412 1864 515 1898 sucrsm
534 1853 610 1913 (sup.
628 1846 748 1912 addet)
769 1839 861 1898 Biia·
887 1839 1028 1914 specierum
1046 1846 1122 1913 (sup.
1140 1851 1182 1905 ut]
1198 1843 1231 1897 B.
1256 1873 1290 1886 -
1316 1861 1401 1896 sonus

229 1918 324 1969 &oeci
341 1914 593 1967 Auuruiuer’eer
612 1915 667 1974 (Pu
684 1933 790 1976 eonon,
808 1932 870 1982 sup.
888 1933 916 1977 se
938 1916 965 1966 in
986 1913 1005 1966 S
1025 1922 1069 1966 est
1085 1914 1185 1966 lucisne
1203 1921 1268 1966 antu
1282 1917 1399 1983 gruem).

224 1979 346 2047 ζόανας
366 1983 461 2035 Graeci
483 1981 518 2033 ri.
550 1983 646 2034 Graeci
661 1977 782 2044 ζωᾶνας
799 1983 857 2034 c-ls.
886 2009 915 2022 -
944 1984 1147 2034 existimabunt
1167 1981 1269 2048 Sv-go.
1372 1987 1398 2031 t.

225 2053 370 2103 demittere
386 2051 453 2100 nvi.
477 2078 510 2088 —
539 2050 674 2101 dubitent
693 2066 755 2117 η.
786 2076 818 2088 -
849 2049 1100 2102 strennuum.
1205 2053 1230 2099 Β.
1262 2049 1309 2101 lsuc
1328 2065 1399 2100 more

226 2125 303 2186 (unp.
325 2117 388 2168 usld.
407 2119 453 2180 de)
472 2117 503 2167 A.

293 2199 366 2252 vlu.
404 2202 489 2267 Caput
517 2199 592 2251 Vm.
631 2199 706 2266 Quae
730 2199 801 2250 mole
823 2199 987 2250 ensentiundo
1011 2201 1085 2268 opud
1108 2201 1256 2271 Vergilium
1281 2215 1398 2250 cerream·

222 2276 332 2338 puntur·
366 2269 404 2320 Et
421 2269 491 2335 quod
508 2283 541 2318 eu
557 2285 604 2318 nee
620 2270 725 2320 cutione
741 2269 815 2334 upud
833 2267 901 2318 nunc
917 2275 1023 2334 poclum
1041 2279 1165 2332 careant,
1195 2285 1264 2335 quoe
1282 2269 1398 2332 fortuitu

223 2354 278 2389 esse
296 2337 434 2388 videntur:
460 2352 518 2386 eum
538 2336 601 2386 uiiis
617 2335 785 2403 quidusdam.
809 2335 888 2385 ch-n.
938 2336 1001 2403 Cup.
1031 2337 1092 2386 Vll.
1125 2337 1199 2402 Quae
1217 2336 1287 2386 mule
1312 2352 1398 2386 enun-

223 2407 319 2457 eicmdo
335 2410 537 2470 corrumpuntur
549 2404 623 2470 opud
634 2404 780 2457 Maronem.
799 2402 851 2453 rut.
893 2400 968 2467 Quue
985 2405 1154 2456 scientissime
1171 2405 1279 2472 prolatu
1296 2421 1313 2454 u
1331 2419 1398 2454 ncn-

223 2473 792 2539 snsiiismuleenunciondocorrumpuntur.
817 2471 881 2536 Cup.
897 2473 939 2520 vl.
1019 2475 1041 2521 l.
1073 2471 1398 2537 Discedo]Aen.ll‚ti³2.‚

224 2540 272 2592 ubi
290 2539 397 2607 legitur
414 2539 572 2590 Descende.
583 2567 616 2578 -
638 2539 794 2590 Discedunt
808 2543 883 2603 (sup.
902 2539 1025 2599 escendo)
1039 2537 1066 2590 S.
1077 2566 1111 2577 -
1128 2539 1183 2590 huc
1201 2541 1310 2592 ducente
1321 2541 1363 2588 vl.

257 2613 283 2660 2
306 2609 435 2660 Caluinur
451 2605 498 2656 Pe.
516 2633 541 2644 -
562 2607 706 2658 Ateriunus
722 2604 825 2672 scripsi
843 2621 857 2656 e
874 2603 947 2656 curri.
979 2607 1221 2659 ActeriunusEdd.
1234 2607 1265 2658 Ρ.
1294 2606 1397 2659 Aetne·

223 2794 382 2855 tremisses,
408 2809 516 2859 puerum
533 2793 623 2859 cupito
640 2793 692 2843 diis
712 2795 785 2857 inse·
841 2792 995 2844 Mamertini
1012 2809 1036 2858 p.
1058 2793 1125 2854 158,
1144 2797 1171 2842 et
1188 2807 1211 2841 s.
1231 2806 1253 2841 r.
1276 2792 1398 2842 Surruui

223 2866 261 2912 ris
277 2863 370 2911 dicutu
386 2867 448 2910 suot
469 2867 495 2910 et
516 2862 621 2910 deuota.
658 2861 727 2911 Vide
748 2877 784 2912 un
835 2877 862 2926 p.
878 2861 951 2922 uui,
980 2858 1099 2909 Nonium
1119 2875 1133 2909 u
1152 2858 1270 2909 Sisenna
1289 2875 1313 2924 p.
1333 2861 1395 2922 ⁵22,

222 2928 277 2978 linc
301 2932 411 2993 spectet
440 2925 511 2976 illud
536 2926 619 2976 Puoli
643 2927 678 2978 sd
703 2927 784 2978 Rom.
837 2929 876 2976 14.
905 2925 958 2987 Μ.,
993 2924 1121 2977 Serrium
1157 2924 1184 2976 in
1217 2925 1294 2995 Virg.
1325 2927 1393 2978 Aen.

222 3013 247 3044 e..
268 2998 300 3060 9,
321 3011 346 3044 s.
370 2997 395 3043 3.
419 2993 543 3059 optentis
572 3009 622 3058 pro
648 2994 784 3046 trutrilsns
835 2990 894 3056 Vll,
914 2997 973 3043 196.

222 3061 284 3112 lleri
314 3061 495 3112 enutlremu.“
525 3060 612 3111 Pone.
641 3088 673 3099 ·-
704 3061 783 3114 Festi
868 3060 1051 3127 questurum
1065 3059 1160 3110 Grueci
1173 3060 1314 3128 eueuntJll
1332 3058 1394 3112 Ste-

221 3129 309 3179 verlss
330 3128 402 3178 lrsee
428 3133 506 3179 snut:
535 3126 595 3179 tit.
622 3127 728 3193 xviri,
755 3146 781 3195 p.
834 3128 944 3194 plrnnns
968 3126 995 3177 in
1014 3125 1101 3178 Thus.
1123 3127 1171 3178 Gr.
1192 3130 1211 3179 l.
1237 3146 1259 3181 s.
1280 3146 1304 3180 v.
1330 3123 1394 3192 ξόα-

222 3199 282 3246 818.
310 3197 409 3246 diocli.
443 3196 540 3246 Homo
569 3213 663 3246 sueer
692 3198 716 3247 is
745 3205 783 3250 est
832 3209 883 3246 nov
907 3195 994 3246 relect
1013 3193 1140 3245 crottum
1158 3196 1282 3262 Rhodig.
1302 3197 1393 3263 Antip.

221 3281 297 3332 pnem
326 3265 442 3331 populus
474 3264 605 3314 iudicauit
637 3264 666 3314 cl
696 3265 782 3316 mule·
834 3260 992 3327 bontilli,
1013 3265 1053 3312 ll.
1073 3259 1392 3326 dioereidusoerocnsi

213 3334 324 3398 fleiussss
353 3347 436 3398 neque
461 3334 510 3395 fus
539 3338 577 3382 est
602 3347 660 3381 eum
688 3332 782 3382 immo·
833 3337 958 3381 secrutos
976 3329 1115 3380 homines.
1146 3331 1200 3382 Sed
1223 3332 1286 3383 ride
1303 3349 1337 3383 ne
1354 3331 1393 3382 ult

221 3401 289 3463 iuri,
313 3400 359 3449 seri
380 3400 427 3464 qui
449 3399 545 3449 cecidit
564 3399 708 3464 parricidii
728 3415 782 3450 oon
833 3413 917 3449 sunus
940 3406 1031 3449 ortum
1056 3415 1071 3448 e
1093 3398 1258 3452 detruncans
1282 3399 1391 3450 Grecos

221 3469 379 3531 dannatur,
404 3482 467 3516 num
485 3466 547 3533 legs
562 3467 706 3517 tribunicio
722 3469 781 3532 pri·
832 3481 917 3527 verce,
942 3473 971 3516 et
997 3465 1147 3532 legendum
1173 3485 1238 3535 psus
1260 3460 1391 3534 ἀναθή-

219 3540 404 3593 mumulus,
430 3534 462 3585 si
485 3535 650 3600 quiscum
673 3535 782 3600 puicu
830 3547 922 3597 ματα
953 3534 1050 3584 Graeci
1078 3543 1186 3600 coeunt,
1222 3536 1268 3586 vel
1296 3535 1391 3585 simile

218 3602 330 3668 plebei
353 3601 436 3651 seito
462 3615 558 3650 secer
583 3601 626 3651 sit
653 3600 781 3652 cecide·
833 3599 909 3666 quid.
941 3600 1066 3662 Scilicet,
1086 3601 1110 3652 si
1132 3603 1273 3668 sloplieoto
1296 3601 1392 3653 littere

220 3671 281 3731 rit,
304 3668 485 3734 pursies'du
512 3681 551 3717 ne
576 3669 632 3720 sit:
668 3684 700 3718 es
730 3685 782 3734 pec
832 3667 999 3734 sseripturu
1020 3677 1081 3719 erut
1100 3668 1328 3736 puosZANAO.,
1348 3670 1390 3720 ln·

220 3737 307 3802 quiuis
328 3736 403 3786 domu
429 3736 518 3785 mulus
541 3741 622 3802 utpes
648 3736 782 3801 improtns
832 3733 1041 3788 uiloindeoriri
1057 3737 1389 3803 poterutpuosZANAC.

219 3798 780 3935 iri‘lrill‘i‘iii‘li.‘lami'
832 3804 1001 3920 ..lamii
1026 3804 1292 3922 ettiloni·
1315 3804 1390 3921 pp

219 3937 299 3986 meli
315 3906 371 3986 ursi
387 3938 444 4000 suit
466 3936 552 3986 ltulis.
581 3937 692 4004 Μαρία
711 3938 779 3988 enim
835 3937 929 4003 Cupuo
965 3938 1071 3989 litterae
1105 3947 1167 3988 sunt
1195 3912 1300 3990 uilutuie
1332 3909 1390 3990 doe

216 4002 343 4070 perieulis
362 4003 474 4054 udderti
495 4003 623 4055 secedunt
645 4019 778 4069 quaeeun-
830 4005 973 4070 esempiu
992 4007 1046 4054 cet.

219 4086 269 4138 pse
287 4069 407 4136 prosimu
431 4087 491 4120 uere
516 4079 583 4121 sets
601 4077 686 4121 essert
705 4071 780 4137 upud
864 4071 992 4137 ordinem]
1028 4069 1101 4121 inter
1136 4072 1260 4137 reliquos
1291 4072 1388 4132 libros.

216 4155 245 4190 se
263 4136 395 4188 uninsliu
410 4137 601 4188 immolaturos.
626 4138 680 4188 Sed
697 4155 778 4204 psum
830 4135 849 4186 i.
866 4151 891 4185 e.
911 4152 1066 4188 numerum.

217 4206 323 4256 crudele
345 4205 480 4256 uideretur
504 4221 601 4271 pueros
620 4221 654 4255 uc
672 4206 780 4271 puellos
865 4203 944 4268 vttt,
973 4210 996 4255 1.
1032 4207 1141 4256 ducente
1160 4206 1224 4270 deu,
1252 4225 1304 4257 non
1327 4204 1388 4272 deu]

216 4273 367 4324 innoeentes
393 4272 553 4338 interficere,
583 4272 724 4338 perductos
749 4274 776 4323 in
829 4271 867 4320 dd
899 4271 973 4322 liunc
1004 4271 1095 4338 ipsum
1127 4274 1240 4341 l'irgilii
1275 4289 1387 4325 rersrnn

217 4339 339 4391 edultum
357 4347 471 4389 uetutesu
494 4340 619 4390 seiciunt
640 4344 720 4404 utpue
736 4341 776 4389 itu
828 4337 943 4389 Servius
967 4340 1112 4392 uduotsvit
1130 4341 1248 4392 haecce:
1285 4343 1387 4392 semo-

217 4413 317 4454 estru
345 4407 438 4466 sines
468 4422 545 4456 suus
575 4405 777 4472 exigebaris
828 4406 941 4457 cundum
960 4423 1004 4458 ecs
1017 4410 1064 4475 pus'
1082 4409 1173 4458 dieunt
1190 4411 1328 4476 utriusque
1346 4424 1387 4458 se-

217 4469 265 4521 ubi
289 4470 445 4521 Muellerus
464 4472 575 4522 euuiert
597 4469 673 4521 Fest.
700 4489 722 4520 s.
750 4489 773 4521 v.
826 4489 875 4523 uns
894 4475 1122 4544 participationem
1146 4476 1241 4528 leudem
1265 4477 1384 4528 numinis.
