2992 4867
12 73 17 130 l

12 377 13 418 ρ
66 335 131 411 sol,
157 343 194 399 ut
219 332 372 398 ueteribus

248 74 757 144 snruuuat10uustt1u.t.
790 78 879 147 CAP.
905 82 1115 153 xv1.xv11.
1178 93 1239 157 tto

67 255 156 327 runt,
178 268 244 313 noa
263 268 340 314 rana
359 246 536 332 superstitio
556 246 609 313 sed
631 247 711 313 ratio
728 246 830 315 divina
851 253 1052 321 commendat
1099 257 1135 323 Si
1157 260 1268 329 enim3

413 332 519 409 lacuit,
550 334 617 399 due
639 346 667 398 et
683 335 854 401 moderator
875 345 922 401 est
942 340 1089 407 lamaiaum
1109 345 1237 432 reliquo-

12 421 13 504 l
64 442 153 497 nura,
185 430 217 485 et
239 418 324 483 solus
345 355 439 484 stellis
461 418 633 483 errantibus
655 428 803 502 praestat,
834 420 967 505 ipsarum
991 446 1063 491 vero
1082 430 1237 495 stellarum

64 526 177 569 cursus
204 503 343 569 ordinem
370 525 473 569 rerum
500 503 717 581 humanarum,
749 513 786 570 ut
806 506 989 591 qmbusdam
1013 511 1148 591 videtur,
1181 536 1237 601 pro

62 598 219 676 potestate
237 590 420 675 disponunt,
442 597 478 655 ut
497 589 621 655 Plotiuo
642 598 763 655 constat
782 576 943 676 placuisse,
969 593 1152 678 significant:
1184 622 1237 666 ne-

62 696 152 741 ccsse
179 684 228 741 est
251 683 288 739 ut
311 674 421 751 solem,
459 674 512 760 qui
539 675 717 744 moderatur
737 683 841 741 nostra
864 679 1069 757 moderantes,
1099 684 1237 749 omniura

62 781 146 847 quae
164 761 244 825 circa
261 781 319 825 nos
337 768 485 845 geruntur
504 758 654 848 fateamur
673 769 838 827 auctorem.
882 762 924 827 Et
944 763 1024 829 sicut
1042 766 1144 846 Mero,
1167 774 1267 837 eumd

61 848 101 911 de
121 868 187 911 una
207 846 328 910 lunone
345 844 475 910 diceret:
507 844 575 922 Quo
592 848 716 911 numeru
736 848 830 925 laeso,
857 849 992 915 ostendit
1011 851 1103 916 unius
1124 853 1173 917 dei
1194 854 1236 919 at-

62 930 162 997 tectus
187 930 288 999 ramos
314 952 370 1017 pro
396 929 486 996 variis
511 930 679 995 censendos
707 952 774 996 esse
802 932 993 1013 numinibus,
1029 935 1070 1001 ita
1101 937 1237 1005 diversae

63 1017 195 1082 uirtutes
223 1016 295 1081 solis
322 1015 447 1080 nomina
469 1013 515 1080 dis
537 1011 699 1081 dodenmt:
732 1016 814 1082 unde
843 1018 880 1083 lv
905 1014 941 1085 τὸ
970 1020 1036 1085 πᾶν
1065 1024 1236 1120 sapientum

65 1102 220 1200 principes
239 1100 450 1188 prodiderunt
495 1100 648 1166 Virtutem
674 1101 768 1185 igitur
792 1102 864 1168 solis
886 1124 965 1187 quae
987 1106 1164 1172 divinationi
1183 1111 1266 1176 ιιι-5

65 1188 242 1271 rationeque
267 1194 388 1284 praeest
414 1186 587 1271 Apollinem
611 1196 810 1251 rocaverunt:
846 1208 925 1273 quae
954 1190 1105 1257 sermonis·
1130 1203 1238 1259 auctor

66 1283 109 1336 est
134 1272 285 1337 Mercurii
310 1292 424 1337 nomen
448 1271 575 1357 aceepit.
618 1273 696 1337 Nam
723 1272 796 1358 quia
822 1294 922 1339 sermo
949 1274 1164 1362 interpretatur
1186 1300 1236 1345 oo-

63 1358 227 1441 gitationcs
254 1358 397 1435 latentes,
427 1351 544 1440 Ἑρμῆς
568 1352 631 1421 ἀπὸ
656 1358 716 1421 τού
742 1354 932 1441 ἑρμηνεύειν
955 1362 1077 1447 propriu
1106 1364 1245 1449 appella-v

63 1444 147 1508 tione
166 1442 319 1508 vocitatus
338 1450 393 1507 est
436 1443 543 1508 Virtus
566 1441 638 1507 solis
657 1451 703 1507 est
723 1463 802 1527 quae
824 1443 983 1527 fructibus,
1008 1448 1133 1512 effeetus
1157 1448 1266 1515 eius-ll

63 1529 134 1593 dem
161 1536 211 1593 ert
237 1527 290 1612 qui
318 1526 455 1612 frugibus
481 1536 609 1613 praeest
653 1529 696 1592 Et
717 1528 789 1593 hinc
815 1538 904 1595 natae
926 1539 998 1595 sunt
1020 1532 1238 1617 appellationes

62 1614 194 1678 deorum
222 1612 303 1677 sicut
327 1623 498 1677 ceterorum
527 1612 581 1698 qui
608 1612 645 1678 ad
676 1614 772 1677 solem
795 1622 877 1679 certa
902 1623 933 1680 et
960 1616 1091 1681 archana
1119 1619 1238 1685 ratione

61 1699 252 1763 referuntur:
274 1706 317 1775 et,
340 1706 484 1762 natanto
505 1707 623 1762 secreto
648 1698 730 1763 nuda
751 1707 920 1784 praestetur
941 1700 1087 1780 adsertio,
1105 1706 1236 1770 auctori-

62 1794 140 1850 tates
165 1792 304 1849 veterum
327 1784 367 1848 de
386 1781 513 1869 singulis
534 1782 736 1848 consulamus.

148 1868 305 1955 Apollinis
324 1890 436 1934 nomeu
459 1868 618 1955 multiplici
640 1868 890 1956 interpretatione
915 1870 952 1935 ad
982 1872 1077 1937 solem
1098 1875 1263 1951 retertur‚l

861 2080 931 2134 Edd.
950 2080 1168 2150 rinalrgepdrlr.]

62 2167 130 2233 diis)
155 2166 192 2217 G.
296 2167 322 2215 8.
351 2163 415 2231 due]
442 2162 501 2215 cia.
522 2152 717 2230 Soram'Seip.
742 2164 794 2227 lv,
812 2168 836 2214 11.
867 2192 899 2203 -
925 2166 1086 2233 reliquorum
1110 2167 1238 2219 luminum

63 2236 160 2301 riehg.
180 2258 216 2273 «-
238 2232 292 2283 uel
310 2239 340 2284 ut
361 2232 465 2283 Plotiae
487 2231 558 2282 Edd.
574 2231 603 2284 S.
704 2234 731 2282 4.
757 2233 794 2285 Et
811 2233 894 2283 rior.
922 2256 954 2269 —
984 2232 1070 2299 Maro]
1088 2234 1153 2283 Aen.
1174 2234 1238 2296 1,8.

62 2330 94 2341 -
112 2304 146 2353 de
164 2303 265 2353 lunone
278 2303 353 2365 (sup.
374 2300 437 2350 add.
457 2304 526 2359 unu)
545 2298 575 2349 Β.
591 2326 626 2339 -
643 2316 699 2349 una
716 2333 741 2349 ..
761 2315 810 2366 pro
828 2300 911 2349 uariis
925 2314 979 2349 om.
997 2300 1031 2353 Α.
1050 2326 1081 2337 -
1099 2302 1164 2351 eolis
1179 2303 1237 2351 uir·

62 2371 227 2423 tutat.-
251 2368 423 2434 rapientium
438 2366 479 2428 (ἃς
499 2367 656 2431 ι1.1,θ,6.
745 2370 770 2415 5.
801 2358 938 2430 Ἑρμῆς..
960 2360 1115 2431 ἑρμηνεύειν
1133 2378 1187 2417 om.
1206 2369 1237 2418 Α.

62 2439 104 2501 (G
126 2444 158 2489 art
180 2440 210 2487 in
230 2439 299 2503 gn).
339 2435 382 2486 ltu
405 2434 489 2485 etiam
512 2434 541 2485 in
566 2451 642 2499 seqq.
664 2434 831 2501 plerumque
856 2432 1024 2483 omittuntur
1045 2433 1072 2484 in
1099 2434 1144 2483 lala
1167 2434 1235 2484 Mra.

62 2506 188 2568 Graeca,
220 2504 248 2554 id
269 2503 341 2568 qnod
367 2518 420 2553 non
445 2501 567 2569 singulis
592 2500 663 2553 loeis
685 2500 782 2566 putari
807 2499 1005 2551 adnotandum.
1106 2506 1131 2551 1.
1171 2503 1236 2567 Cup.

63 2574 123 2625 XX.
155 2572 198 2625 De
223 2572 356 2639 Apollinis
381 2572 466 2622 euriir
488 2571 646 2622 nominibus.
678 2585 695 2620 r
720 2568 745 2629 (i
774 2567 840 2635 Cup.
861 2567 960 2626 ΧΙΧ.).
987 2592 1020 2605 ·-
1048 2582 1191 2638 peragam
1206 2568 1237 2619 S.

91 2762 120 2812 3.
153 2758 289 2827 praestat]
309 2758 385 2809 ldem
403 2758 480 2810 valet
496 2774 529 2809 uc
564 2774 626 2811 rae·
711 2761 736 2808 5.
793 2772 843 2806 uae
868 2754 1029 2809 divinationi
1057 2756 1239 2825 curatioaipue

61 2837 106 2893 ert,
126 2836 162 2879 ut
180 2828 238 2877 dux
255 2834 284 2877 et
301 2827 518 2889 moderator,ci.
535 2776 612 2891 gul.
674 2772 792 2892 praeestl
812 2823 854 2874 01.
871 2824 887 2887 S
907 2827 945 2874 ra.
964 2840 1023 2889 sqq.
1040 2831 1070 2875 et
1085 2840 1107 2875 e.
1126 2828 1164 2874 18.
1183 2829 1237 2888 56.

91 2903 124 2947 art
146 2892 257 2946 Plotiae
275 2900 377 2945 coaetut
389 2894 534 2961 placuisse]
546 2892 626 2945 Goni-
710 2908 779 2958 puue
797 2892 924 2941 sermonis
941 2899 1033 2942 auctor
1051 2900 1089 2943 ert
1108 2892 1175 2957 cet]
1195 2892 1238 2943 01.

60 2962 171 3015 comm.
193 2964 217 3025 l,
238 2965 278 3022 19,
296 2966 339 3012 at.
603 2965 607 2973 '
677 2958 1239 3026 c.19.§9.puiameatiapoteatem

92 3034 118 3083 4.
155 3046 208 3097 pro
225 3030 310 3079 variis
328 3028 470 3081 eerrmdoe
493 3044 548 3079 erse
571 3046 631 3100 arr-y
679 3026 838 3077 Mercurium
857 3026 1002 3091 occulimur,
1024 3028 1239 3093 appellatumque

59 3096 187 3164 uiuitur]
221 3096 303 3148 cort.
334 3096 450 3147 Servios
482 3097 516 3147 ad
549 3096 625 3162 l'irg.
676 3096 716 3145 ito
736 3094 916 3161 intellegimur
932 3086 988 3145 elad
1008 3094 1059 3145 τού
1076 3088 1238 3160 ἑρμηνεύειν.

60 3172 127 3217 den.
147 3165 170 3227 l,
187 3170 229 3215 tte
250 3165 370 3231 Namque
391 3166 455 3216 tuno
471 3164 558 3215 multu
574 3162 626 3213 lau-
711 3164 736 3211 6.
753 3199 756 3209 .
772 3161 862 3212 Vtram
879 3161 942 3211 eolis
957 3170 994 3213 ert
1012 3178 1080 3227 puae
1093 3163 1239 3225 fructibus,

60 3237 101 3285 tet
119 3233 260 3285 eremias
279 3232 433 3294 (al-arom.)
517 3234 586 3282 Sunt
601 3239 627 3283 et
678 3228 787 3295 effectura¹
805 3228 920 3279 eiusdem
943 3228 989 3295 pai
1004 3232 1052 3293 fra
1077 3230 1135 3279 ilar
1156 3245 1239 3295 praa-

61 3303 119 3352 utta
136 3301 349 3357 munumina
367 3299 532 3361 (ulmeam).
566 3298 625 3349 Me·
677 3295 736 3363 ert]
763 3294 842 3347 llaec
860 3312 913 3361 ego
931 3296 974 3347 sic
994 3246 1141 3362 intelligor
1169 3294 1238 3359 „Sol

61 3370 112 3421 n'to
130 3384 199 3436 erge
220 3366 339 3433 dubitat,
357 3369 427 3433 quod
445 3367 502 3417 elur
520 3365 627 3419 laeserit
677 3379 728 3413 erra
747 3362 838 3428 ipsius
858 3362 961 3415 uirtute
979 3362 1087 3413 lauretus
1108 3362 1189 3413 elicit
1206 3378 1240 3413 ex

61 3454 158 3489 ιιιιιαι
177 3436 290 3487 Aeaeus.
326 3433 627 3515 AdstipulaturGoes·
678 3430 836 3494 arboribus,
849 3428 978 3495 idemque
998 3428 1096 3489 eflicit,
1109 3435 1139 3479 ut
1157 3444 1239 3479 aran-

62 3520 112 3555 rau
133 3502 171 3555 ad
191 3502 268 3569 l'irg.
286 3501 304 3553 l.
325 3519 348 3551 c.
374 3503 452 3553 Alias
468 3500 553 3552 liuius
570 3498 626 3552 locl
678 3498 748 3549 tium
768 3513 853 3563 opera
872 3514 924 3548 non
945 3503 1054 3563 puerant,
1072 3496 1121 3546 red
1142 3496 1239 3561 trugas

61 3569 311 3637 interpretationes
329 3569 507 3635 protulerunt
522 3575 549 3621 et
567 3568 628 3633 ipae
679 3572 780 3616 exeant
798 3580 813 3614 e
830 3564 933 3613 terra.“

62 3638 180 3691 Seruius
201 3643 230 3689 et
252 3636 380 3704 lleynins
405 3637 432 3689 in
455 3636 570 3702 Errare.
591 3635 625 3688 ud
713 3638 855 3683 ceterorum
875 3630 920 3696 pul
939 3628 976 3678 ad
1000 3628 1079 3678 solem
1166 3630 1238 3687 rese-

62 3706 205 3757 Aea.·lil).
226 3704 247 3756 l.
272 3712 301 3755 et
327 3704 482 3769 Wagnerue
504 3705 538 3756 ad
559 3703 586 3753 la.
606 3702 626 3754 1.
677 3696 783 3764 rantur]
808 3697 884 3748 llaec
903 3696 988 3748 rerba
1005 3693 1136 3745 ridentur
1158 3710 1239 3759 epec-

62 3774 216 3825 l’raeterea
254 3771 329 3823 eant.
365 3771 487 3824 Lobecl.
522 3772 627 3837 Aglao·
679 3774 739 3819 tare
768 3764 802 3815 ud
831 3779 879 3815 eor
910 3762 957 3830 qui
986 3767 1240 3813 commemorantur·

61 3842 159 3909 plnum.
179 3842 201 3891 1.
222 3857 251 3905 p.
270 3843 343 3901 598„
371 3840 418 3905 qui
444 3838 514 3891 citat
537 3838 626 3889 Maxi·
677 3850 737 3900 esp.
756 3836 800 3883 21.

62 3927 136 3961 num
156 3906 311 3959 Grammat.
332 3906 359 3959 iu
379 3907 513 3974 epistad
531 3905 627 3972 nuga·
711 3906 736 3952 7.
772 3900 888 3951 ordinem
917 3894 1041 3966 pergam]
1073 3894 1114 3947 Ct.
1147 3898 1163 3960 §
1196 3898 1239 3947 ar.

61 3979 125 4030 uin.
144 3974 217 4039 ΧΠ,
235 3978 276 4035 15,
299 3978 337 4024 ts.
695 3968 747 4019 uod
770 3968 902 4032 obliquum
924 3964 1095 4015 circulum..
1114 3966 1214 4031 pergi
1221 3972 1240 4016 t.

92 4044 249 4123 sapientum
265 4041 411 4109 principer]
437 4038 627 4105 Xenophanes
677 3986 726 4085 gie
744 4032 897 4085 Terentina
916 4032 985 4085 llec.
1000 4031 1026 4094 l,
1043 4034 1076 4097 2,
1098 4036 1170 4094 119.,
1185 4030 1239 4082 Su·

61 4110 213 4231 {tl'l'ffi'r
229 4115 269 4226 ‘l
289 4117 360 4226 1⁹⁰⁸t
483 4106 625 4225 ”tlt'll‘
678 4100 976 4221 ll’²l¹¹'a¹l,⁸nlla{‡
1001 4098 1240 4217 atellae·

64 4194 222 4306 Midum,
252 4193 287 4303 ὃς
299 4193 438 4309 ’ύζὲἱραύιύ
459 4192 492 4293 Σύ
520 4208 629 4358 utpdop
679 4208 755 4288 tir’rm
772 4252 909 4303 pangere,
927 4234 975 4299 qui
993 4184 1022 4283 ln
1040 4184 1103 4283 gdd.
1123 4230 1239 4298 legitur,

62 4304 484 4380 ηφηύτωντῶνπριιγμύτων
500 4302 538 4368 oie
574 4301 630 4365 vire
679 4305 798 4357 debetur
818 4300 1022 4367 interpolatori.

62 4374 168 4439 dnae
202 4376 262 4429 τοῦ
297 4370 427 4436 παντὸς
461 4370 629 4441 ἐπεχείρησεν
717 4372 794 4422 Plato
814 4362 984 4420 ..ύνιὸτοῦ
1004 4358 1171 4417 ἀναπάλλειν
1191 4358 1242 4425 τὰς

63 4442 220 4509 budelea
235 4438 377 4511 ιύρίσκειν.
415 4500 419 4505 Α
680 4432 803 4505 ἀκτῖνας]
830 4436 879 4489 Sic
898 4452 914 4487 a
932 4432 1087 4572 ccdiuilrppJ
1097 4430 1144 4485 hic
1162 4432 1242 4485 lacae
