2992 4867
256 119 322 186 230
743 111 956 184 uacuum

257 279 405 353 Laberius
427 285 459 349 in
483 284 545 349 tine
569 283 711 350 tudonrnr
732 281 826 352 anuto
846 301 941 350 aureo
961 282 1132 349 bononem
1152 303 1171 348 a
1190 283 1322 350 Quare
1342 303 1361 350 e
1378 303 1431 352 se·

259 373 350 458 stigio
372 372 404 436 in
426 369 671 456 quatuordecim
693 370 732 435 ad
755 370 955 456 specmndum
976 369 1098 434 bausit
1117 369 1231 436 violato
1254 370 1375 451 ordine,
1400 380 1432 437 et

259 479 327 526 cum
354 458 539 522 detrectatus
566 462 613 519 est
635 473 730 540 eques
751 457 911 521 Romanus
938 463 971 521 et
998 454 1171 521 comminus
1199 455 1358 535 remissus,
1389 455 1433 522 ait

260 544 369 610 Cicero
402 540 606 626 praetereunti
632 540 763 606 Laberio
794 550 827 607 et
857 540 951 606 sedite
981 541 1154 626 quaerenti:
1182 542 1369 630 Receps'smm
1395 554 1431 619 te,

259 630 324 693 nui
341 639 464 714 damete
484 628 625 703 sederun,
656 627 746 692 simul
775 636 806 691 et
828 627 913 691 idum
932 646 1080 712 mouens
1099 635 1133 690 et
1152 627 1183 692 in
1207 647 1321 692 norum
1344 647 1430 690 sena·

259 721 326 778 turn
349 712 483 789 iocatus,
518 712 605 777 euius
628 731 788 777 numerum
812 713 925 778 Cenat
946 731 1038 798 supra
1064 711 1109 776 ias
1129 721 1262 777 auxerat.
1301 713 1365 777 Nec
1385 712 1431 776 in·

281 817 352 862 une.
390 797 561 882 Respondit
582 797 663 862 enim
684 797 847 862 Laberius:
868 799 993 874 Mirum,
1013 799 1044 862 si
1063 809 1186 884 cumane
1205 797 1295 874 redu,
1313 800 1368 884 qui
1383 820 1432 862 ro·

260 819 302 949 bes
323 883 439 948 duobus
457 885 535 948 ceds's
553 883 668 960 sedere,
690 884 870 969 exprobrata
887 883 1009 948 lentate
1030 883 1187 948 Ciceronis
1230 903 1269 947 ua
1290 881 1432 947 inmerito

213 970 249 1035 ll
262 967 397 1054 optimus
419 967 491 1033 civis
516 968 595 1034 male
617 967 770 1034 audiebat
818 969 905 1034 ldem
925 968 1035 1034 Cicero
1061 966 1138 1033 adias
1158 903 1331 1033 tonberum
1355 967 1432 1032 Cae·

212 1053 357 1139 {asenaria
376 1053 408 1117 in
430 1053 597 1139 adlegendo
620 1061 729 1120 senatu
754 1052 853 1120 inrisit
874 1055 984 1144 palam.
1029 1054 1126 1132 Nam,
1161 1073 1232 1120 eum
1253 1053 1294 1119 ab
1312 1051 1432 1139 bosmte

329 1219 554 1291 [namneus.

264 1305 352 1358 Sutia
368 1304 448 1359 s-bP.
553 1311 595 1360 10.
621 1324 679 1362 curs
701 1307 828 1362 beteriss
844 1306 908 1376 eet]
926 1305 970 1358 Gi.
990 1305 1040 1358 tib
1058 1305 1120 1370 vn,
1137 1322 1161 1359 e.
1177 1310 1206 1371 8,
1221 1307 1240 1372 ς
1255 1310 1283 1358 fl.
1300 1329 1334 1346 -
1352 1305 1433 1358 setis

261 1379 330 1435 (om.
348 1379 445 1436 aureo)
467 1376 511 1427 ds.
539 1403 574 1414 —
602 1376 630 1428 in
657 1377 857 1444 quatuordeeim
880 1377 1008 1446 gradus
1031 1373 1140 1438 8„B“.
1182 1376 1212 1428 irs
1236 1372 1433 1442 quatuordeeim

262 1442 427 1513 gradibus
444 1460 504 1512 v-g.
523 1471 549 1482 -
570 1444 607 1496 sd
625 1445 822 1513 expectandam
834 1441 890 1496 BP.
908 1471 935 1482 -·
955 1441 1133 1496 treusitdrl.
1161 1443 1316 1495 tressisset
1332 1440 1434 1509 c·gbi’.

261 1537 296 1548 —
321 1509 589 1576 detrectatusdffl
609 1526 625 1563 a
645 1527 670 1578 p.
688 1516 739 1572 nt.)
759 1512 881 1579 ‚‚dngt.“
923 1511 1067 1563 detractus
1088 1509 1117 1562 S.
1140 1535 1172 1548 -
1201 1519 1281 1564 esset
1298 1507 1324 1560 0
1341 1525 1358 1561 s
1377 1523 1432 1560 see,

262 1577 426 1696 uar·
457 1578 967 1700 ern
997 1593 1064 1695 u·
1081 1577 1260 1697 nur·
1292 1577 1434 1695 ‘en

259 1710 290 1762 P.
315 1738 348 1749 —
368 1663 478 1778 quibs.
496 1683 530 1750 -’-
552 1665 724 1766 addicendi
738 1713 767 1765 S.
872 1717 913 1764 11.
947 1662 1173 1764 Ραείῑίιαῖξιι...
1192 1711 1304 1778 difficile
1322 1711 1372 1776 est]
1391 1709 1432 1762 ci.

259 1776 300 1830 lo.
324 1777 435 1829 Saresb.
464 1780 483 1831 Ι.
509 1795 532 1831 e.
560 1807 594 1819 -
624 1781 776 1851 adlegendo
797 1781 1004 1833 bueconem.
1050 1780 1115 1831 ulle
1137 1780 1205 1830 endo
1226 1779 1310 1830 s-art.
1355 1779 1435 1830 uite·

263 1847 366 1914 gundo
380 1846 459 1897 Sere
475 1847 537 1900 Sar.
560 1848 700 1911 „Verbum
719 1849 843 1917 sidegurs
860 1849 895 1900 de
912 1848 968 1900 bae
984 1863 1016 1898 re
1037 1863 1091 1898 son
1127 1847 1222 1898 icitur.
1256 1844 1361 1897 bietine
1381 1845 1432 1896 Ed.

263 1918 321 1964 vet.
337 1913 496 1980 (riobng)
514 1915 560 1967 sii
587 1916 662 1966 esde.
686 1915 742 1967 Sud
761 1915 833 1968 baut
848 1915 933 1967 dabie
946 1915 1063 1980 scripsit
1075 1915 1130 1966 otte
1151 1915 1249 1966 endc.“
1263 1913 1348 1965 Zoara.
1365 1914 1432 1966 ecit.

263 1979 532 2036 Sucronemne.
565 1932 951 2052 {egendum—senatum
968 1982 1105 2035 Atisim
1170 1981 1436 2040 -ieritsairri

299 2134 341 2182 10.
375 2132 404 2182 in
421 2133 481 2198 fine
505 2132 638 2202 indorum]
669 2149 740 2201 qnos
764 2135 827 2201 qni·
911 2151 971 2186 cum
994 2133 1155 2186 detrectatur
1175 2138 1215 2184 est
1236 2146 1314 2199 eques
1337 2131 1437 2184 Russe-

265 2198 408 2266 deiungit
433 2199 556 2266 peractis
575 2201 660 2254 bellis
682 2201 826 2256 civilibut.
876 2201 937 2268 nus]
961 2201 979 2253 i.
1003 2219 1027 2253 s.
1051 2217 1114 2251 euna
1131 2200 1282 2250 noluerunt
1303 2215 1367 2252 eam
1385 2199 1436 2251 bs-

264 2266 326 2318 Vid.
345 2265 460 2319 Sueten.
479 2269 559 2320 Caes.
578 2269 621 2320 ³9.
876 2268 944 2321 bere
982 2285 1013 2320 rc
1031 2267 1124 2334 equite
1143 2267 1279 2318 Romano.
1305 2265 1348 2316 ct.
1365 2265 1437 2319 Soe-

299 2335 380 2388 rutuio
398 2351 477 2386 aureo
501 2334 655 2404 bonoratur]
682 2333 724 2386 Gi.
751 2353 774 2386 c.
799 2340 825 2388 7.
877 2340 933 2389 tou.
953 2286 1021 2390 {ib
1038 2339 1082 2386 00.
1110 2335 1223 2400 Quidum
1243 2337 1323 2387 etism
1344 2335 1436 2403 pris·

265 2401 324 2468 §e
341 2403 389 2467 ΙΙΙ,
407 2405 447 2466 14,
466 2405 518 2468 10,
537 2410 565 2456 et
581 2402 697 2456 Becker.
716 2401 827 2456 Hendb.
877 2403 1251 2474 ciuem-detrectabant
1278 2419 1331 2454 ncn
1361 2417 1380 2452 s
1410 2417 1437 2454 se

266 2469 293 2520 d.
320 2486 406 2520 roem·
434 2471 488 2522 att.
521 2469 563 2534 11,
588 2473 742 2540 1,]..010
767 2487 826 2538 sqq.
877 2473 986 2537 dutum,
1006 2468 1123 2522 ethes
1151 2473 1194 2520 80.
1212 2467 1439 2538 elemosinaeque

266 2537 448 2589 casaubonus
470 2537 505 2590 ad
522 2537 636 2590 Sueten.
656 2540 676 2591 Ι.
695 2555 718 2591 c.
739 2538 828 2592 edne·
878 2541 1097 2592 detrectante
1113 2537 1326 2589 dominationem.

266 2605 339 2656 tavit
362 2605 480 2656 haecce:
509 2607 636 2670 „Eodem
656 2615 781 2674 tempore
799 2611 828 2659 et
912 2605 1067 2672 comminus]
1084 2605 1157 2672 aqud
1174 2603 1319 2657 inferioris
1335 2603 1439 2656 aetatis

265 2670 341 2724 tacto
372 2673 469 2724 eodem
503 2673 630 2725 ordinem
667 2681 827 2742 equestrem
878 2674 1032 2740 scriptores
1045 2673 1119 2726 idem
1134 2673 1208 2724 estet
1225 2671 1365 2735 act‚,ioe‘
1378 2673 1438 2726 aito

266 2739 363 2790 asnisit
378 2737 514 2790 Laberius
532 2756 565 2792 ao
584 2739 700 2792 meruit:
720 2743 827 2806 amisit,
877 2757 913 2794 ae
935 2741 1028 2806 otio‘⁸,
1052 2746 1083 2792 ut
1100 2740 1138 2794 sit
1155 2742 1298 2792 commines
1314 2741 1440 2792 remissus

265 2805 828 2928 snm“taruannense
877 2759 964 2927 aiu
987 2809 1116 2928 tetta
1129 2807 1439 2941 teneatue

300 2957 314 2994 e
341 2941 456 3010 uestigio
488 2943 515 2993 in
544 2913 827 3010 quartaedecimae
875 2910 1089 3062 vutgcdeqitur
1105 2911 1174 2995 cuni
1187 2893 1297 3005 binni,
1316 2909 1348 2994 id
1369 2941 1440 2994 terri

265 3009 436 3074 spectandum
462 3011 570 3062 transiit
597 3011 696 3063 viciato
721 3011 825 3080 ordine]
877 3011 983 3078 nequit.
1034 3010 1158 3062 iveram
1180 3013 1255 3063 esset
1272 3011 1377 3076 seimus,
1395 3027 1440 3064 es·

265 3074 394 3128 Suetonii
423 3076 441 3128 1.
471 3093 495 3127 c.
527 3077 614 3129 verbu
644 3078 714 3130 baec
744 3087 826 3132 sante
877 3077 1283 3132 setseribendnmutmimas.

268 3141 353 3195 turo
385 3143 509 3196 Decimus
538 3145 704 3198 Laberius
730 3161 827 3216 eques
910 3148 939 3200 in
955 3163 1053 3198 nouum
1070 3146 1201 3212 senatum]
1221 3145 1295 3210 cti
1317 3145 1358 3195 11.

268 3211 434 3264 Romanus
463 3213 587 3264 mimum
615 3231 707 3265 suum
734 3217 828 3286 egitr
911 3215 1015 3266 duabus
1035 3213 1226 3281 settissedere]
1251 3213 1329 3264 Haec
1352 3211 1440 3263 Eras-

266 3277 432 3346 dcnntusque
464 3279 618 3350 quingentis
648 3284 776 3336 sestertiis
802 3289 828 3338 ct
877 3297 939 3335 mus
957 3283 1047 3350 ddag.
1064 3279 1092 3345 1,
1108 3285 1140 3344 t,
1158 3285 1185 3332 2
1208 3281 1250 3333 sie
1268 3281 1441 3346 interpreta-

266 3347 349 3397 anuic
365 3364 446 3398 nureo
464 3364 584 3400 sessura
603 3349 637 3400 in
652 3358 828 3419 quattuor·
877 3357 940 3403 tura
971 3350 1167 3414 „lacertsrum
1190 3364 1253 3401 esse
1267 3347 1393 3416 partium
1413 3353 1442 3399 et

267 3413 369 3466 decim
391 3431 406 3465 e
427 3432 527 3466 scena
548 3417 827 3482 percrebestrurs
877 3417 995 3486 ancipiti
1023 3417 1080 3470 nro
1105 3417 1241 3470 ambabus
1272 3417 1443 3468 satisfacere

266 3482 415 3534 transiit.
448 3480 618 3548 Hocipsum
638 3485 828 3540 videtarani·
878 3487 984 3539 rette.“
1034 3487 1111 3537 ldem
1138 3485 1215 3536 estet
1243 3484 1340 3536 teritus
1369 3499 1443 3550 qnae

266 3565 328 3600 mos
356 3548 478 3602 movisse
503 3549 647 3615 equiturn,
678 3553 751 3620 quod
777 3553 828 3604 iiie
878 3554 1030 3622 opponitur
1047 3551 1191 3620 gmritati.
1212 3551 1441 3604 Wisisnd.i.e.e

173 3621 180 3636 “
266 3617 314 3682 qui
332 3624 415 3669 antea
433 3633 484 3668 suo
501 3617 692 3671 iureaederst
709 3619 737 3671 io
758 3619 828 3672 XIV.
878 3623 947 3688 „der
965 3621 1143 3690 sueideutige
1160 3620 1338 3672 Gbsrohterf⁴

266 3685 413 3736 ordinibus
433 3701 449 3735 e
471 3701 556 3738 scena
579 3687 641 3754 ipsa
662 3687 776 3739 transiit
799 3687 829 3741 ia
915 3693 957 3740 11.
979 3691 1008 3741 is
1021 3689 1172 3757 retegendo
1186 3688 1291 3755 senatu]
1307 3685 1443 3739 ctSnst.

266 3768 328 3804 eos:
356 3751 474 3818 ideoque
492 3753 655 3806 Macrobius
673 3755 768 3807 dicere
786 3756 829 3807 si·
878 3756 1012 3810 caenob.
1037 3757 1189 3824 Peregrisis
1208 3757 1237 3808 is
1255 3763 1377 3810 marusa
1393 3754 1444 3804 et·

267 3818 349 3871 detur
372 3819 499 3870 ordinem
525 3821 560 3872 ab
589 3837 622 3874 co
647 3839 710 3874 esse
737 3823 829 3874 uiola·
879 3825 978 3877 tectis
1003 3825 1107 3877 libellus
1129 3824 1281 3890 properiter
1306 3831 1358 3875 este
1385 3821 1443 3874 Be·

268 3891 336 3937 turn.
361 3886 511 3940 Caesarem
526 3887 579 3940 isac
595 3889 623 3940 in
639 3905 670 3940 re
687 3889 828 3942 imitatum
877 3911 941 3946 nusi
954 3895 1076 3957 suetum,
1102 3907 1136 3942 ns
1157 3892 1216 3958 quis
1237 3890 1355 3943 senatori
1371 3905 1444 3940 socc

267 3951 388 4005 Balbum
427 3954 544 4006 uendarn
570 3964 746 4022 quaestorem
766 3957 828 4008 dsi-
879 3960 980 4012 curium
995 3959 1235 4020 monstrereeeiit3
1251 3957 1341 4010 etiiie
1354 3955 1444 4025 cuigs

266 4017 330 4071 nius
358 3971 451 4071 sorba
480 4022 582 4074 scribit
613 4021 742 4076 Ciceroni
777 4023 828 4090 (nd
878 4027 1054 4079 canebantur:
1073 4025 1167 4076 Gallos
1186 4027 1286 4078 Caesar
1302 4025 1445 4076 intrium-

266 4087 332 4140 iam.
351 4085 386 4150 X,
403 4091 452 4151 32,
469 4090 524 4154 2.)=
543 4088 642 4156 Ludis,
660 4110 724 4159 quos
743 4091 829 4144 Gedi—
896 4093 958 4146 bu·
983 4093 1071 4146 ducit:
1104 4093 1185 4146 iidem
1208 4095 1237 4146 irs
1262 4093 1338 4145 curie
1365 4090 1447 4142 Gelli

265 4155 314 4208 bus
326 4156 402 4220 feeit,
418 4155 579 4208 Herennium
597 4159 705 4211 Guttam
721 4159 829 4213 distric-
876 4111 974 4212 brucus
999 4161 1188 4228 deposnerunt,
1221 4163 1306 4213 istum
1334 4159 1446 4210 ciocum

265 4241 323 4276 nem
340 4241 441 4276 summo
458 4223 579 4276 indorum
595 4227 639 4278 die
655 4227 757 4279 anuto
773 4245 829 4280 uas·
878 4236 1056 4312 sumpserunt³
1079 4232 1108 4278 et
1124 4229 1176 4279 Dio
1192 4227 1269 4280 Cass.
1283 4225 1383 4288 xtltt,
1399 4227 1446 4278 tr.

265 4308 321 4344 reo
349 4293 506 4345 donatum
535 4293 569 4344 in
596 4292 681 4347 m.
709 4311 829 4348 sessum
880 4292 940 4348 aut
970 4309 1081 4361 neocaes
1112 4297 1207 4361 eruunt
1226 4296 1289 4356 θεῖς
1314 4290 1365 4360 μὲν
1398 4288 1447 4344 tna

266 4357 422 4438 deducit:
449 4366 488 4411 tot
507 4361 576 4412 enim
594 4362 699 4423 secent
723 4363 829 4414 ordines
878 4357 931 4427 τὴν
947 4361 1093 4430 γερουσίαν
1104 4313 1229 4446 pthrb
1292 4361 1367 4426 isus,
1401 4353 1446 4428 ήί

267 4431 393 4488 equestris
412 4427 473 4476 toci.
505 4426 566 4478 vid.
584 4425 671 4481 etiam
690 4427 828 4483 winland.
879 4427 970 4490 εἴτις
993 4443 1202 4498 sequeturque
1228 4379 1297 4480 mai
1311 4445 1353 4488 ese
1373 4377 1448 4479 ἔκε-

268 4488 304 4540 ad
322 4489 391 4544 tior.
410 4491 471 4545 let.
488 4491 513 4556 1,
531 4495 574 4556 10,
590 4495 615 4544 0.
880 4493 1017 4564 metum
1032 4499 1100 4559 wis
1114 4485 1166 4564 rit,
1183 4423 1349 4563 “Zmint
1371 4489 1450 4548 ὄπ’
