<?xml version="1.0" encoding="UTF-8"?>
<!DOCTYPE html PUBLIC "-//W3C//DTD XHTML 1.0 Transitional//EN"
    "http://www.w3.org/TR/xhtml1/DTD/xhtml1-transitional.dtd">
<html xmlns="http://www.w3.org/1999/xhtml" xml:lang="en" lang="en">
 <head>
  <title>
</title>
<meta http-equiv="Content-Type" content="text/html;charset=utf-8" />
  <meta name='ocr-system' content='tesseract 3.04.00' />
  <meta name='ocr-capabilities' content='ocr_page ocr_carea ocr_par ocr_line ocrx_word'/>
</head>
<body>
  <div class='ocr_page' id='page_1' title='image "./macrobiiambrosi01jangoog_0015.png"; bbox 0 0 2992 4867; ppageno 0'>
   <div class='ocr_carea' id='block_1_1' title="bbox 604 112 1313 177">
    <p class='ocr_par' dir='ltr' id='par_1_1' title="bbox 604 112 1313 177">
     <span class='ocr_line' id='line_1_1' title="bbox 604 112 1313 177; baseline 0.014 -10"><span class='ocrx_word' id='word_1_1' title='bbox 604 124 797 171; x_wconf 78' lang='lat' dir='ltr'><strong>nuenario.</strong></span> <span class='ocrx_word' id='word_1_2' title='bbox 1265 112 1313 177; x_wconf 81' lang='grc'><strong>111</strong></span> 
     </span>
    </p>
   </div>
   <div class='ocr_carea' id='block_1_2' title="bbox 76 270 1316 2475">
    <p class='ocr_par' dir='ltr' id='par_1_2' title="bbox 76 270 1316 2475">
     <span class='ocr_line' id='line_1_2' title="bbox 166 270 1312 359; baseline 0.007 -22"><span class='ocrx_word' id='word_1_3' title='bbox 166 273 206 337; x_wconf 85' lang='lat' dir='ltr'><strong>ln</strong></span> <span class='ocrx_word' id='word_1_4' title='bbox 230 272 396 339; x_wconf 80' lang='lat' dir='ltr'><strong>voiuminis</strong></span> <span class='ocrx_word' id='word_1_5' title='bbox 419 272 444 337; x_wconf 88' lang='lat'><strong>1.</strong></span> <span class='ocrx_word' id='word_1_6' title='bbox 471 270 663 358; x_wconf 78' lang='lat' dir='ltr'><strong>praefatione</strong></span> <span class='ocrx_word' id='word_1_7' title='bbox 690 293 720 359; x_wconf 91' lang='lat' dir='ltr'><strong>p.</strong></span> <span class='ocrx_word' id='word_1_8' title='bbox 741 294 811 337; x_wconf 85' lang='lat' dir='ltr'><strong>vm.</strong></span> <span class='ocrx_word' id='word_1_9' title='bbox 837 277 1075 343; x_wconf 72' lang='lat' dir='ltr'><strong>commorari</strong></span> <span class='ocrx_word' id='word_1_10' title='bbox 1098 277 1312 345; x_wconf 64' lang='grc' dir='ltr'><strong>ιάιιοίιῆοιια</strong></span> 
     </span>
     <span class='ocr_line' id='line_1_3' title="bbox 80 372 1311 462; baseline 0.006 -23"><span class='ocrx_word' id='word_1_11' title='bbox 80 376 113 439; x_wconf 83' lang='grc' dir='ltr'><strong>ἰιι</strong></span> <span class='ocrx_word' id='word_1_12' title='bbox 144 372 286 458; x_wconf 80' lang='lat' dir='ltr'><strong>margine</strong></span> <span class='ocrx_word' id='word_1_13' title='bbox 311 372 458 441; x_wconf 87' lang='lat' dir='ltr'><strong>editionis</strong></span> <span class='ocrx_word' id='word_1_14' title='bbox 480 373 685 439; x_wconf 88' lang='lat' dir='ltr'><strong>Londinensis</strong></span> <span class='ocrx_word' id='word_1_15' title='bbox 715 373 846 460; x_wconf 79' lang='lat' dir='ltr'><strong>exempti</strong></span> <span class='ocrx_word' id='word_1_16' title='bbox 873 375 958 462; x_wconf 85' lang='lat' dir='ltr'><strong>quod</strong></span> <span class='ocrx_word' id='word_1_17' title='bbox 986 384 1034 441; x_wconf 88' lang='lat' dir='ltr'><strong>est</strong></span> <span class='ocrx_word' id='word_1_18' title='bbox 1061 377 1095 442; x_wconf 90' lang='lat' dir='ltr'><strong>in</strong></span> <span class='ocrx_word' id='word_1_19' title='bbox 1125 378 1311 446; x_wconf 87' lang='lat' dir='ltr'><strong>bibliotbeea</strong></span> 
     </span>
     <span class='ocr_line' id='line_1_4' title="bbox 79 474 1309 561; baseline 0.005 -20"><span class='ocrx_word' id='word_1_20' title='bbox 79 475 205 561; x_wconf 81' lang='lat' dir='ltr'><strong>publica</strong></span> <span class='ocrx_word' id='word_1_21' title='bbox 230 474 419 561; x_wconf 84' lang='lat' dir='ltr'><strong>Dorpatensi</strong></span> <span class='ocrx_word' id='word_1_22' title='bbox 451 474 633 561; x_wconf 72' lang='lat' dir='ltr'><strong>arbariptas,</strong></span> <span class='ocrx_word' id='word_1_23' title='bbox 667 495 745 561; x_wconf 84' lang='lat' dir='ltr'><strong>quas</strong></span> <span class='ocrx_word' id='word_1_24' title='bbox 772 475 813 541; x_wconf 90' lang='lat' dir='ltr'><strong>ad</strong></span> <span class='ocrx_word' id='word_1_25' title='bbox 838 496 889 541; x_wconf 87' lang='lat' dir='ltr'><strong>me</strong></span> <span class='ocrx_word' id='word_1_26' title='bbox 915 475 998 543; x_wconf 88' lang='lat' dir='ltr'><strong>misit</strong></span> <span class='ocrx_word' id='word_1_27' title='bbox 1019 478 1065 544; x_wconf 74' lang='grc'><strong>11,</strong></span> <span class='ocrx_word' id='word_1_28' title='bbox 1090 479 1126 543; x_wconf 85' lang='lat'><strong>1.</strong></span> <span class='ocrx_word' id='word_1_29' title='bbox 1145 480 1309 547; x_wconf 74' lang='lat' dir='ltr'><strong>uncan-</strong></span> 
     </span>
     <span class='ocr_line' id='line_1_5' title="bbox 78 574 1310 663; baseline 0.005 -22"><span class='ocrx_word' id='word_1_30' title='bbox 78 598 149 641; x_wconf 84' lang='lat' dir='ltr'><strong>sns.</strong></span> <span class='ocrx_word' id='word_1_31' title='bbox 198 576 367 641; x_wconf 79' lang='lat' dir='ltr'><strong>Maximam</strong></span> <span class='ocrx_word' id='word_1_32' title='bbox 405 575 456 643; x_wconf 78' lang='lat' dir='ltr'><strong>vir·</strong></span> <span class='ocrx_word' id='word_1_33' title='bbox 484 574 680 643; x_wconf 86' lang='lat' dir='ltr'><strong>doctissimus</strong></span> <span class='ocrx_word' id='word_1_34' title='bbox 717 576 867 661; x_wconf 87' lang='lat' dir='ltr'><strong>impendit</strong></span> <span class='ocrx_word' id='word_1_35' title='bbox 899 596 1025 663; x_wconf 88' lang='lat' dir='ltr'><strong>operam</strong></span> <span class='ocrx_word' id='word_1_36' title='bbox 1059 579 1310 646; x_wconf 66' lang='lat' dir='ltr'><strong>adnotationibus</strong></span> 
     </span>
     <span class='ocr_line' id='line_1_6' title="bbox 79 676 1309 763; baseline 0.003 -20"><span class='ocrx_word' id='word_1_37' title='bbox 79 678 137 743; x_wconf 83' lang='lat' dir='ltr'><strong>iliis</strong></span> <span class='ocrx_word' id='word_1_38' title='bbox 167 676 390 753; x_wconf 79' lang='lat' dir='ltr'><strong>describendis,</strong></span> <span class='ocrx_word' id='word_1_39' title='bbox 423 676 535 743; x_wconf 88' lang='lat' dir='ltr'><strong>additis</strong></span> <span class='ocrx_word' id='word_1_40' title='bbox 562 676 700 743; x_wconf 86' lang='lat' dir='ltr'><strong>numeris</strong></span> <span class='ocrx_word' id='word_1_41' title='bbox 726 676 906 763; x_wconf 86' lang='lat' dir='ltr'><strong>paginarum</strong></span> <span class='ocrx_word' id='word_1_42' title='bbox 936 686 969 743; x_wconf 87' lang='lat' dir='ltr'><strong>et</strong></span> <span class='ocrx_word' id='word_1_43' title='bbox 994 698 1138 744; x_wconf 73' lang='grc' dir='ltr'><strong>ιαιιιιιιιι</strong></span> <span class='ocrx_word' id='word_1_44' title='bbox 1166 680 1309 747; x_wconf 88' lang='lat' dir='ltr'><strong>editionis</strong></span> 
     </span>
     <span class='ocr_line' id='line_1_7' title="bbox 81 776 1307 865; baseline 0.001 -20"><span class='ocrx_word' id='word_1_45' title='bbox 81 780 258 845; x_wconf 84' lang='lat' dir='ltr'><strong>Zeunianae</strong></span> <span class='ocrx_word' id='word_1_46' title='bbox 281 798 374 863; x_wconf 89' lang='lat' dir='ltr'><strong>quam</strong></span> <span class='ocrx_word' id='word_1_47' title='bbox 397 798 447 842; x_wconf 90' lang='lat' dir='ltr'><strong>me</strong></span> <span class='ocrx_word' id='word_1_48' title='bbox 472 776 585 843; x_wconf 90' lang='lat' dir='ltr'><strong>habere</strong></span> <span class='ocrx_word' id='word_1_49' title='bbox 605 784 805 861; x_wconf 79' lang='lat' dir='ltr'><strong>cognoverat:</strong></span> <span class='ocrx_word' id='word_1_50' title='bbox 837 798 894 862; x_wconf 87' lang='lat' dir='ltr'><strong>ego</strong></span> <span class='ocrx_word' id='word_1_51' title='bbox 921 798 995 844; x_wconf 81' lang='lat' dir='ltr'><strong>vero</strong></span> <span class='ocrx_word' id='word_1_52' title='bbox 1020 799 1173 865; x_wconf 80' lang='lat' dir='ltr'><strong>nusquam</strong></span> <span class='ocrx_word' id='word_1_53' title='bbox 1202 802 1307 846; x_wconf 88' lang='lat' dir='ltr'><strong>earum</strong></span> 
     </span>
     <span class='ocr_line' id='line_1_8' title="bbox 79 878 1309 965; baseline 0.005 -22"><span class='ocrx_word' id='word_1_54' title='bbox 79 879 135 944; x_wconf 86' lang='lat' dir='ltr'><strong>ieci</strong></span> <span class='ocrx_word' id='word_1_55' title='bbox 158 878 357 945; x_wconf 79' lang='lat' dir='ltr'><strong>mentionem.</strong></span> <span class='ocrx_word' id='word_1_56' title='bbox 397 878 493 958; x_wconf 87' lang='lat' dir='ltr'><strong>Quod</strong></span> <span class='ocrx_word' id='word_1_57' title='bbox 516 894 573 943; x_wconf 85' lang='lat' dir='ltr'><strong>cur</strong></span> <span class='ocrx_word' id='word_1_58' title='bbox 591 878 705 944; x_wconf 87' lang='lat' dir='ltr'><strong>iactum</strong></span> <span class='ocrx_word' id='word_1_59' title='bbox 727 878 784 957; x_wconf 88' lang='lat' dir='ltr'><strong>sit,</strong></span> <span class='ocrx_word' id='word_1_60' title='bbox 810 898 873 942; x_wconf 93' lang='lat' dir='ltr'><strong>non</strong></span> <span class='ocrx_word' id='word_1_61' title='bbox 891 898 1017 965; x_wconf 90' lang='lat' dir='ltr'><strong>possum</strong></span> <span class='ocrx_word' id='word_1_62' title='bbox 1040 879 1173 947; x_wconf 86' lang='lat' dir='ltr'><strong>hicnon</strong></span> <span class='ocrx_word' id='word_1_63' title='bbox 1197 882 1309 961; x_wconf 90' lang='lat' dir='ltr'><strong>dicere,</strong></span> 
     </span>
     <span class='ocr_line' id='line_1_9' title="bbox 78 976 1307 1065; baseline 0.005 -22"><span class='ocrx_word' id='word_1_64' title='bbox 78 980 154 1065; x_wconf 93' lang='lat' dir='ltr'><strong>quin</strong></span> <span class='ocrx_word' id='word_1_65' title='bbox 186 986 242 1043; x_wconf 90' lang='lat' dir='ltr'><strong>aut</strong></span> <span class='ocrx_word' id='word_1_66' title='bbox 271 977 425 1064; x_wconf 79' lang='lat' dir='ltr'><strong>negligens</strong></span> <span class='ocrx_word' id='word_1_67' title='bbox 458 998 525 1044; x_wconf 90' lang='lat' dir='ltr'><strong>esse</strong></span> <span class='ocrx_word' id='word_1_68' title='bbox 556 978 660 1044; x_wconf 79' lang='lat' dir='ltr'><strong>ridear</strong></span> <span class='ocrx_word' id='word_1_69' title='bbox 679 976 747 1045; x_wconf 77' lang='lat' dir='ltr'><strong>&#39;aut</strong></span> <span class='ocrx_word' id='word_1_70' title='bbox 776 977 921 1063; x_wconf 86' lang='lat' dir='ltr'><strong>ingratus.</strong></span> <span class='ocrx_word' id='word_1_71' title='bbox 964 978 1095 1045; x_wconf 79' lang='lat' dir='ltr'><strong>Litteras</strong></span> <span class='ocrx_word' id='word_1_72' title='bbox 1119 980 1195 1047; x_wconf 82' lang='lat' dir='ltr'><strong>mihi</strong></span> <span class='ocrx_word' id='word_1_73' title='bbox 1221 982 1307 1049; x_wconf 88' lang='lat' dir='ltr'><strong>datas</strong></span> 
     </span>
     <span class='ocr_line' id='line_1_10' title="bbox 78 1078 1308 1169; baseline 0.004 -24"><span class='ocrx_word' id='word_1_74' title='bbox 78 1102 159 1146; x_wconf 88' lang='lat' dir='ltr'><strong>anno</strong></span> <span class='ocrx_word' id='word_1_75' title='bbox 189 1078 421 1145; x_wconf 74' lang='lat' dir='ltr'><strong>uaccam.</strong></span> <span class='ocrx_word' id='word_1_76' title='bbox 450 1079 483 1143; x_wconf 91' lang='lat' dir='ltr'><strong>in</strong></span> <span class='ocrx_word' id='word_1_77' title='bbox 513 1078 596 1145; x_wconf 83' lang='lat' dir='ltr'><strong>atiud</strong></span> <span class='ocrx_word' id='word_1_78' title='bbox 622 1088 744 1166; x_wconf 89' lang='lat' dir='ltr'><strong>tempus</strong></span> <span class='ocrx_word' id='word_1_79' title='bbox 775 1100 933 1146; x_wconf 80' lang='lat' dir='ltr'><strong>reservans</strong></span> <span class='ocrx_word' id='word_1_80' title='bbox 960 1080 1101 1160; x_wconf 90' lang='lat' dir='ltr'><strong>condidi,</strong></span> <span class='ocrx_word' id='word_1_81' title='bbox 1126 1083 1172 1149; x_wconf 84' lang='lat' dir='ltr'><strong>vel</strong></span> <span class='ocrx_word' id='word_1_82' title='bbox 1194 1084 1308 1169; x_wconf 88' lang='lat' dir='ltr'><strong>potius,</strong></span> 
     </span>
     <span class='ocr_line' id='line_1_11' title="bbox 78 1178 1307 1269; baseline 0.002 -23"><span class='ocrx_word' id='word_1_83' title='bbox 78 1188 114 1247; x_wconf 93' lang='lat' dir='ltr'><strong>ut</strong></span> <span class='ocrx_word' id='word_1_84' title='bbox 134 1180 186 1259; x_wconf 86' lang='lat' dir='ltr'><strong>iit,</strong></span> <span class='ocrx_word' id='word_1_85' title='bbox 212 1178 331 1259; x_wconf 88' lang='lat' dir='ltr'><strong>abdidi,</strong></span> <span class='ocrx_word' id='word_1_86' title='bbox 355 1180 399 1245; x_wconf 91' lang='lat' dir='ltr'><strong>ita</strong></span> <span class='ocrx_word' id='word_1_87' title='bbox 422 1187 460 1245; x_wconf 91' lang='lat' dir='ltr'><strong>ut</strong></span> <span class='ocrx_word' id='word_1_88' title='bbox 482 1200 566 1246; x_wconf 87' lang='lat' dir='ltr'><strong>meas</strong></span> <span class='ocrx_word' id='word_1_89' title='bbox 591 1181 805 1247; x_wconf 69' lang='lat' dir='ltr'><strong>adnotationes</strong></span> <span class='ocrx_word' id='word_1_90' title='bbox 832 1181 1062 1269; x_wconf 79' lang='lat' dir='ltr'><strong>conscriptores</strong></span> <span class='ocrx_word' id='word_1_91' title='bbox 1081 1184 1147 1268; x_wconf 90' lang='lat' dir='ltr'><strong>ipse</strong></span> <span class='ocrx_word' id='word_1_92' title='bbox 1170 1204 1233 1247; x_wconf 91' lang='lat' dir='ltr'><strong>non</strong></span> <span class='ocrx_word' id='word_1_93' title='bbox 1258 1204 1307 1248; x_wconf 88' lang='lat' dir='ltr'><strong>re·</strong></span> 
     </span>
     <span class='ocr_line' id='line_1_12' title="bbox 78 1281 1305 1368; baseline 0.002 -23"><span class='ocrx_word' id='word_1_94' title='bbox 78 1281 228 1367; x_wconf 85' lang='lat' dir='ltr'><strong>pererim,</strong></span> <span class='ocrx_word' id='word_1_95' title='bbox 256 1300 313 1346; x_wconf 92' lang='lat' dir='ltr'><strong>nec</strong></span> <span class='ocrx_word' id='word_1_96' title='bbox 344 1282 402 1345; x_wconf 92' lang='lat' dir='ltr'><strong>nisi</strong></span> <span class='ocrx_word' id='word_1_97' title='bbox 432 1282 608 1368; x_wconf 87' lang='lat' dir='ltr'><strong>nuperrime</strong></span> <span class='ocrx_word' id='word_1_98' title='bbox 639 1283 671 1347; x_wconf 92' lang='lat' dir='ltr'><strong>in</strong></span> <span class='ocrx_word' id='word_1_99' title='bbox 699 1302 753 1347; x_wconf 89' lang='lat' dir='ltr'><strong>eas</strong></span> <span class='ocrx_word' id='word_1_100' title='bbox 785 1282 952 1347; x_wconf 91' lang='lat' dir='ltr'><strong>inciderim.</strong></span> <span class='ocrx_word' id='word_1_101' title='bbox 991 1286 1093 1347; x_wconf 81' lang='lat' dir='ltr'><strong>Antea</strong></span> <span class='ocrx_word' id='word_1_102' title='bbox 1118 1283 1143 1347; x_wconf 90' lang='lat' dir='ltr'><strong>si</strong></span> <span class='ocrx_word' id='word_1_103' title='bbox 1172 1304 1223 1349; x_wconf 90' lang='lat' dir='ltr'><strong>eas</strong></span> <span class='ocrx_word' id='word_1_104' title='bbox 1252 1282 1305 1348; x_wconf 89' lang='lat' dir='ltr'><strong>ba-</strong></span> 
     </span>
     <span class='ocr_line' id='line_1_13' title="bbox 79 1381 1304 1470; baseline 0.002 -23"><span class='ocrx_word' id='word_1_105' title='bbox 79 1384 232 1461; x_wconf 88' lang='lat' dir='ltr'><strong>buissem,</strong></span> <span class='ocrx_word' id='word_1_106' title='bbox 266 1382 349 1447; x_wconf 91' lang='lat' dir='ltr'><strong>haud</strong></span> <span class='ocrx_word' id='word_1_107' title='bbox 380 1382 488 1467; x_wconf 82' lang='lat' dir='ltr'><strong>exigua</strong></span> <span class='ocrx_word' id='word_1_108' title='bbox 516 1404 609 1470; x_wconf 91' lang='lat' dir='ltr'><strong>opera</strong></span> <span class='ocrx_word' id='word_1_109' title='bbox 636 1402 732 1448; x_wconf 90' lang='lat' dir='ltr'><strong>essem</strong></span> <span class='ocrx_word' id='word_1_110' title='bbox 761 1381 907 1447; x_wconf 83' lang='lat' dir='ltr'><strong>liberatus</strong></span> <span class='ocrx_word' id='word_1_111' title='bbox 933 1382 965 1446; x_wconf 91' lang='lat' dir='ltr'><strong>in</strong></span> <span class='ocrx_word' id='word_1_112' title='bbox 996 1383 1178 1468; x_wconf 81' lang='lat' dir='ltr'><strong>quaerendis</strong></span> <span class='ocrx_word' id='word_1_113' title='bbox 1203 1382 1304 1470; x_wconf 82' lang='lat' dir='ltr'><strong>Virgi-</strong></span> 
     </span>
     <span class='ocr_line' id='line_1_14' title="bbox 78 1481 1303 1569; baseline 0.002 -22"><span class='ocrx_word' id='word_1_114' title='bbox 78 1482 168 1547; x_wconf 84' lang='lat' dir='ltr'><strong>lianis</strong></span> <span class='ocrx_word' id='word_1_115' title='bbox 196 1482 289 1561; x_wconf 86' lang='lat' dir='ltr'><strong>iocis,</strong></span> <span class='ocrx_word' id='word_1_116' title='bbox 324 1504 402 1568; x_wconf 89' lang='lat' dir='ltr'><strong>quos</strong></span> <span class='ocrx_word' id='word_1_117' title='bbox 425 1485 456 1549; x_wconf 91' lang='lat' dir='ltr'><strong>in</strong></span> <span class='ocrx_word' id='word_1_118' title='bbox 480 1482 724 1549; x_wconf 77' lang='lat' dir='ltr'><strong>saturnaliorum</strong></span> <span class='ocrx_word' id='word_1_119' title='bbox 753 1481 823 1547; x_wconf 87' lang='lat' dir='ltr'><strong>libri</strong></span> <span class='ocrx_word' id='word_1_120' title='bbox 848 1482 902 1547; x_wconf 83' lang='lat' dir='ltr'><strong>lv.</strong></span> <span class='ocrx_word' id='word_1_121' title='bbox 929 1483 1033 1568; x_wconf 83' lang='lat' dir='ltr'><strong>aliqua</strong></span> <span class='ocrx_word' id='word_1_122' title='bbox 1058 1492 1145 1569; x_wconf 89' lang='lat' dir='ltr'><strong>parte</strong></span> <span class='ocrx_word' id='word_1_123' title='bbox 1168 1506 1232 1549; x_wconf 88' lang='lat' dir='ltr'><strong>non</strong></span> <span class='ocrx_word' id='word_1_124' title='bbox 1259 1482 1303 1549; x_wconf 92' lang='lat' dir='ltr'><strong>in-</strong></span> 
     </span>
     <span class='ocr_line' id='line_1_15' title="bbox 79 1575 1316 1661; baseline 0.001 -11"><span class='ocrx_word' id='word_1_125' title='bbox 79 1584 195 1650; x_wconf 83' lang='lat' dir='ltr'><strong>dicavit</strong></span> <span class='ocrx_word' id='word_1_126' title='bbox 224 1584 378 1661; x_wconf 86' lang='lat' dir='ltr'><strong>Zeunius,</strong></span> <span class='ocrx_word' id='word_1_127' title='bbox 408 1592 439 1651; x_wconf 93' lang='lat' dir='ltr'><strong>et</strong></span> <span class='ocrx_word' id='word_1_128' title='bbox 468 1584 499 1649; x_wconf 95' lang='lat' dir='ltr'><strong>in</strong></span> <span class='ocrx_word' id='word_1_129' title='bbox 530 1584 722 1651; x_wconf 90' lang='lat' dir='ltr'><strong>emendando</strong></span> <span class='ocrx_word' id='word_1_130' title='bbox 754 1582 855 1649; x_wconf 83' lang='lat' dir='ltr'><strong>libello</strong></span> <span class='ocrx_word' id='word_1_131' title='bbox 881 1582 919 1649; x_wconf 89' lang='lat' dir='ltr'><strong>de</strong></span> <span class='ocrx_word' id='word_1_132' title='bbox 945 1583 1123 1649; x_wconf 82' lang='lat' dir='ltr'><strong>differentiis</strong></span> <span class='ocrx_word' id='word_1_133' title='bbox 1147 1592 1179 1649; x_wconf 89' lang='lat' dir='ltr'><strong>et</strong></span> <span class='ocrx_word' id='word_1_134' title='bbox 1208 1575 1316 1651; x_wconf 66' lang='lat' dir='ltr'><strong>socie</strong></span> 
     </span>
     <span class='ocr_line' id='line_1_16' title="bbox 76 1683 1303 1771; baseline -0.001 -21"><span class='ocrx_word' id='word_1_135' title='bbox 76 1686 192 1751; x_wconf 85' lang='lat' dir='ltr'><strong>tatibus</strong></span> <span class='ocrx_word' id='word_1_136' title='bbox 214 1683 323 1749; x_wconf 85' lang='lat' dir='ltr'><strong>Graeci</strong></span> <span class='ocrx_word' id='word_1_137' title='bbox 343 1685 506 1771; x_wconf 90' lang='lat' dir='ltr'><strong>Latinique</strong></span> <span class='ocrx_word' id='word_1_138' title='bbox 526 1684 628 1763; x_wconf 76' lang='lat' dir='ltr'><strong>ambi,</strong></span> <span class='ocrx_word' id='word_1_139' title='bbox 658 1684 690 1749; x_wconf 91' lang='lat' dir='ltr'><strong>in</strong></span> <span class='ocrx_word' id='word_1_140' title='bbox 713 1702 778 1769; x_wconf 88' lang='lat' dir='ltr'><strong>quo</strong></span> <span class='ocrx_word' id='word_1_141' title='bbox 795 1683 960 1749; x_wconf 87' lang='lat' dir='ltr'><strong>destitutus</strong></span> <span class='ocrx_word' id='word_1_142' title='bbox 984 1702 1067 1749; x_wconf 88' lang='lat' dir='ltr'><strong>eram</strong></span> <span class='ocrx_word' id='word_1_143' title='bbox 1089 1704 1187 1769; x_wconf 87' lang='lat' dir='ltr'><strong>paene</strong></span> <span class='ocrx_word' id='word_1_144' title='bbox 1205 1686 1303 1750; x_wconf 90' lang='lat' dir='ltr'><strong>omni-</strong></span> 
     </span>
     <span class='ocr_line' id='line_1_17' title="bbox 78 1784 1303 1872; baseline 0.001 -22"><span class='ocrx_word' id='word_1_145' title='bbox 78 1785 136 1850; x_wconf 88' lang='lat' dir='ltr'><strong>bus</strong></span> <span class='ocrx_word' id='word_1_146' title='bbox 164 1784 318 1850; x_wconf 87' lang='lat' dir='ltr'><strong>subsidiis.</strong></span> <span class='ocrx_word' id='word_1_147' title='bbox 356 1785 553 1872; x_wconf 71' lang='lat' dir='ltr'><strong>conscriptae</strong></span> <span class='ocrx_word' id='word_1_148' title='bbox 573 1792 646 1850; x_wconf 87' lang='lat' dir='ltr'><strong>sunt</strong></span> <span class='ocrx_word' id='word_1_149' title='bbox 666 1785 735 1851; x_wconf 85' lang='lat' dir='ltr'><strong>iliae</strong></span> <span class='ocrx_word' id='word_1_150' title='bbox 755 1784 984 1863; x_wconf 85' lang='lat' dir='ltr'><strong>adnotationes,</strong></span> <span class='ocrx_word' id='word_1_151' title='bbox 1019 1784 1045 1848; x_wconf 88' lang='lat' dir='ltr'><strong>si</strong></span> <span class='ocrx_word' id='word_1_152' title='bbox 1066 1784 1142 1849; x_wconf 81' lang='lat' dir='ltr'><strong>tides</strong></span> <span class='ocrx_word' id='word_1_153' title='bbox 1165 1786 1303 1851; x_wconf 89' lang='lat' dir='ltr'><strong>habenda</strong></span> 
     </span>
     <span class='ocr_line' id='line_1_18' title="bbox 78 1884 1303 1973; baseline -0.002 -22"><span class='ocrx_word' id='word_1_154' title='bbox 78 1894 125 1951; x_wconf 82' lang='lat' dir='ltr'><strong>ast</strong></span> <span class='ocrx_word' id='word_1_155' title='bbox 147 1888 171 1951; x_wconf 91' lang='grc'><strong>1.</strong></span> <span class='ocrx_word' id='word_1_156' title='bbox 194 1892 233 1951; x_wconf 80' lang='grc' dir='ltr'><strong>Α.</strong></span> <span class='ocrx_word' id='word_1_157' title='bbox 254 1884 437 1965; x_wconf 90' lang='lat' dir='ltr'><strong>Noesseltio,</strong></span> <span class='ocrx_word' id='word_1_158' title='bbox 471 1906 563 1973; x_wconf 87' lang='lat' dir='ltr'><strong>penes</strong></span> <span class='ocrx_word' id='word_1_159' title='bbox 586 1906 676 1972; x_wconf 90' lang='lat' dir='ltr'><strong>quem</strong></span> <span class='ocrx_word' id='word_1_160' title='bbox 698 1886 772 1951; x_wconf 87' lang='lat' dir='ltr'><strong>oiim</strong></span> <span class='ocrx_word' id='word_1_161' title='bbox 793 1890 858 1949; x_wconf 91' lang='lat' dir='ltr'><strong>erat</strong></span> <span class='ocrx_word' id='word_1_162' title='bbox 874 1884 949 1950; x_wconf 86' lang='lat' dir='ltr'><strong>iiiud</strong></span> <span class='ocrx_word' id='word_1_163' title='bbox 969 1884 1112 1950; x_wconf 88' lang='lat' dir='ltr'><strong>editionis</strong></span> <span class='ocrx_word' id='word_1_164' title='bbox 1129 1884 1303 1950; x_wconf 89' lang='lat' dir='ltr'><strong>Londinen-</strong></span> 
     </span>
     <span class='ocr_line' id='line_1_19' title="bbox 77 1982 1305 2073; baseline 0 -22"><span class='ocrx_word' id='word_1_165' title='bbox 77 1986 118 2053; x_wconf 88' lang='lat' dir='ltr'><strong>sis</strong></span> <span class='ocrx_word' id='word_1_166' title='bbox 135 1986 324 2073; x_wconf 80' lang='lat' dir='ltr'><strong>exemptum,</strong></span> <span class='ocrx_word' id='word_1_167' title='bbox 352 1988 390 2053; x_wconf 88' lang='lat' dir='ltr'><strong>ab</strong></span> <span class='ocrx_word' id='word_1_168' title='bbox 412 1989 549 2053; x_wconf 89' lang='lat' dir='ltr'><strong>Ioanne</strong></span> <span class='ocrx_word' id='word_1_169' title='bbox 572 1988 737 2053; x_wconf 82' lang='lat' dir='ltr'><strong>Aiberto</strong></span> <span class='ocrx_word' id='word_1_170' title='bbox 758 1984 960 2063; x_wconf 88' lang='lat' dir='ltr'><strong>Fabricio,</strong></span> <span class='ocrx_word' id='word_1_171' title='bbox 992 1982 1238 2071; x_wconf 81' lang='lat' dir='ltr'><strong>quodquidam,</strong></span> <span class='ocrx_word' id='word_1_172' title='bbox 1268 1995 1305 2051; x_wconf 90' lang='lat' dir='ltr'><strong>ut</strong></span> 
     </span>
     <span class='ocr_line' id='line_1_20' title="bbox 77 2086 1304 2174; baseline 0 -23"><span class='ocrx_word' id='word_1_173' title='bbox 77 2088 120 2152; x_wconf 88' lang='lat' dir='ltr'><strong>ait</strong></span> <span class='ocrx_word' id='word_1_174' title='bbox 142 2086 208 2164; x_wconf 85' lang='lat' dir='ltr'><strong>iiie,</strong></span> <span class='ocrx_word' id='word_1_175' title='bbox 238 2095 270 2153; x_wconf 92' lang='lat' dir='ltr'><strong>et</strong></span> <span class='ocrx_word' id='word_1_176' title='bbox 297 2108 406 2152; x_wconf 90' lang='lat' dir='ltr'><strong>manus</strong></span> <span class='ocrx_word' id='word_1_177' title='bbox 435 2088 500 2153; x_wconf 89' lang='lat' dir='ltr'><strong>sive</strong></span> <span class='ocrx_word' id='word_1_178' title='bbox 527 2088 678 2174; x_wconf 85' lang='lat' dir='ltr'><strong>scriptura</strong></span> <span class='ocrx_word' id='word_1_179' title='bbox 706 2086 809 2174; x_wconf 87' lang='lat' dir='ltr'><strong>prodit</strong></span> <span class='ocrx_word' id='word_1_180' title='bbox 834 2094 866 2152; x_wconf 88' lang='lat' dir='ltr'><strong>et</strong></span> <span class='ocrx_word' id='word_1_181' title='bbox 891 2086 982 2152; x_wconf 82' lang='lat' dir='ltr'><strong>index</strong></span> <span class='ocrx_word' id='word_1_182' title='bbox 1012 2087 1197 2172; x_wconf 86' lang='lat' dir='ltr'><strong>scriptorum</strong></span> <span class='ocrx_word' id='word_1_183' title='bbox 1224 2106 1304 2171; x_wconf 88' lang='lat' dir='ltr'><strong>quos</strong></span> 
     </span>
     <span class='ocr_line' id='line_1_21' title="bbox 78 2186 1302 2273; baseline 0 -21"><span class='ocrx_word' id='word_1_184' title='bbox 78 2188 225 2253; x_wconf 76' lang='lat' dir='ltr'><strong>citaverat</strong></span> <span class='ocrx_word' id='word_1_185' title='bbox 251 2188 441 2266; x_wconf 83' lang='lat' dir='ltr'><strong>Macrobius,</strong></span> <span class='ocrx_word' id='word_1_186' title='bbox 474 2208 660 2273; x_wconf 88' lang='lat' dir='ltr'><strong>quamquam</strong></span> <span class='ocrx_word' id='word_1_187' title='bbox 687 2188 737 2253; x_wconf 87' lang='lat' dir='ltr'><strong>bic</strong></span> <span class='ocrx_word' id='word_1_188' title='bbox 763 2187 853 2272; x_wconf 89' lang='lat' dir='ltr'><strong>ionga</strong></span> <span class='ocrx_word' id='word_1_189' title='bbox 881 2186 1063 2271; x_wconf 81' lang='lat' dir='ltr'><strong>locupietior</strong></span> <span class='ocrx_word' id='word_1_190' title='bbox 1083 2195 1131 2251; x_wconf 89' lang='lat' dir='ltr'><strong>est</strong></span> <span class='ocrx_word' id='word_1_191' title='bbox 1150 2208 1188 2251; x_wconf 89' lang='lat' dir='ltr'><strong>eo</strong></span> <span class='ocrx_word' id='word_1_192' title='bbox 1210 2206 1302 2272; x_wconf 91' lang='lat' dir='ltr'><strong>quem</strong></span> 
     </span>
     <span class='ocr_line' id='line_1_22' title="bbox 78 2286 1303 2373; baseline -0.001 -20"><span class='ocrx_word' id='word_1_193' title='bbox 78 2288 212 2373; x_wconf 82' lang='lat' dir='ltr'><strong>reperies</strong></span> <span class='ocrx_word' id='word_1_194' title='bbox 232 2288 263 2352; x_wconf 93' lang='lat' dir='ltr'><strong>in</strong></span> <span class='ocrx_word' id='word_1_195' title='bbox 282 2287 413 2354; x_wconf 85' lang='lat' dir='ltr'><strong>Fabricii</strong></span> <span class='ocrx_word' id='word_1_196' title='bbox 436 2288 513 2353; x_wconf 82' lang='lat' dir='ltr'><strong>Bibi.</strong></span> <span class='ocrx_word' id='word_1_197' title='bbox 534 2290 601 2353; x_wconf 88' lang='lat' dir='ltr'><strong>Lat.</strong></span> <span class='ocrx_word' id='word_1_198' title='bbox 623 2290 660 2355; x_wconf 86' lang='lat' dir='ltr'><strong>T.</strong></span> <span class='ocrx_word' id='word_1_199' title='bbox 681 2288 737 2354; x_wconf 92' lang='lat'><strong>111.</strong></span> <span class='ocrx_word' id='word_1_200' title='bbox 761 2309 790 2373; x_wconf 91' lang='lat' dir='ltr'><strong>p.</strong></span> <span class='ocrx_word' id='word_1_201' title='bbox 813 2287 873 2352; x_wconf 80' lang='lat'><strong>137</strong></span> <span class='ocrx_word' id='word_1_202' title='bbox 895 2308 940 2371; x_wconf 88' lang='lat' dir='ltr'><strong>sq.</strong></span> <span class='ocrx_word' id='word_1_203' title='bbox 962 2290 990 2372; x_wconf 74' lang='lat'><strong>¹)</strong></span> <span class='ocrx_word' id='word_1_204' title='bbox 1035 2288 1125 2367; x_wconf 84' lang='lat' dir='ltr'><strong>Quae</strong></span> <span class='ocrx_word' id='word_1_205' title='bbox 1144 2286 1182 2350; x_wconf 93' lang='lat' dir='ltr'><strong>de</strong></span> <span class='ocrx_word' id='word_1_206' title='bbox 1203 2286 1303 2352; x_wconf 90' lang='lat' dir='ltr'><strong>indice</strong></span> 
     </span>
     <span class='ocr_line' id='line_1_23' title="bbox 77 2385 1300 2475; baseline -0.002 -20"><span class='ocrx_word' id='word_1_207' title='bbox 77 2389 154 2455; x_wconf 82' lang='lat' dir='ltr'><strong>dixit</strong></span> <span class='ocrx_word' id='word_1_208' title='bbox 188 2388 388 2475; x_wconf 89' lang='lat' dir='ltr'><strong>scriptorum,</strong></span> <span class='ocrx_word' id='word_1_209' title='bbox 427 2408 462 2453; x_wconf 91' lang='lat' dir='ltr'><strong>ea</strong></span> <span class='ocrx_word' id='word_1_210' title='bbox 496 2389 594 2453; x_wconf 77' lang='lat' dir='ltr'><strong>fateor</strong></span> <span class='ocrx_word' id='word_1_211' title='bbox 625 2408 674 2453; x_wconf 89' lang='lat' dir='ltr'><strong>mo</strong></span> <span class='ocrx_word' id='word_1_212' title='bbox 702 2388 820 2453; x_wconf 90' lang='lat' dir='ltr'><strong>nescire</strong></span> <span class='ocrx_word' id='word_1_213' title='bbox 850 2385 925 2473; x_wconf 90' lang='lat' dir='ltr'><strong>quid</strong></span> <span class='ocrx_word' id='word_1_214' title='bbox 950 2386 1057 2451; x_wconf 84' lang='lat' dir='ltr'><strong>velint:</strong></span> <span class='ocrx_word' id='word_1_215' title='bbox 1092 2385 1236 2469; x_wconf 82' lang='lat' dir='ltr'><strong>refragari</strong></span> <span class='ocrx_word' id='word_1_216' title='bbox 1266 2409 1300 2452; x_wconf 89' lang='lat' dir='ltr'><strong>ea</strong></span> 
     </span>
    </p>
   </div>
   <div class='ocr_carea' id='block_1_3' title="bbox 78 2486 1301 2575">
    <p class='ocr_par' dir='ltr' id='par_1_3' title="bbox 78 2486 1301 2575">
     <span class='ocr_line' id='line_1_24' title="bbox 78 2486 1301 2575; baseline -0.001 -21"><span class='ocrx_word' id='word_1_217' title='bbox 78 2490 181 2575; x_wconf 92' lang='lat' dir='ltr'><strong>potius</strong></span> <span class='ocrx_word' id='word_1_218' title='bbox 215 2511 308 2575; x_wconf 88' lang='lat' dir='ltr'><strong>qnam</strong></span> <span class='ocrx_word' id='word_1_219' title='bbox 339 2488 498 2575; x_wconf 82' lang='lat' dir='ltr'><strong>suffragari</strong></span> <span class='ocrx_word' id='word_1_220' title='bbox 523 2489 565 2556; x_wconf 89' lang='lat' dir='ltr'><strong>illi</strong></span> <span class='ocrx_word' id='word_1_221' title='bbox 599 2488 735 2575; x_wconf 89' lang='lat' dir='ltr'><strong>opinioni</strong></span> <span class='ocrx_word' id='word_1_222' title='bbox 762 2486 836 2553; x_wconf 85' lang='lat' dir='ltr'><strong>vidit</strong></span> <span class='ocrx_word' id='word_1_223' title='bbox 864 2486 1067 2566; x_wconf 74' lang='lat' dir='ltr'><strong>Marcilinus,</strong></span> <span class='ocrx_word' id='word_1_224' title='bbox 1098 2486 1301 2571; x_wconf 85' lang='lat' dir='ltr'><strong>quiquidem</strong></span> 
     </span>
    </p>
   </div>
   <div class='ocr_carea' id='block_1_4' title="bbox 76 2587 1303 2676">
    <p class='ocr_par' dir='ltr' id='par_1_4' title="bbox 76 2587 1303 2676">
     <span class='ocr_line' id='line_1_25' title="bbox 76 2587 1303 2676; baseline -0.003 -19"><span class='ocrx_word' id='word_1_225' title='bbox 76 2590 208 2657; x_wconf 87' lang='lat' dir='ltr'><strong>subiecit</strong></span> <span class='ocrx_word' id='word_1_226' title='bbox 235 2590 294 2676; x_wconf 88' lang='lat' dir='ltr'><strong>lagi</strong></span> <span class='ocrx_word' id='word_1_227' title='bbox 322 2591 353 2655; x_wconf 95' lang='lat' dir='ltr'><strong>in</strong></span> <span class='ocrx_word' id='word_1_228' title='bbox 386 2591 485 2655; x_wconf 81' lang='lat' dir='ltr'><strong>fronte</strong></span> <span class='ocrx_word' id='word_1_229' title='bbox 515 2590 584 2657; x_wconf 87' lang='lat' dir='ltr'><strong>iibri</strong></span> <span class='ocrx_word' id='word_1_230' title='bbox 616 2591 655 2656; x_wconf 90' lang='lat' dir='ltr'><strong>ab</strong></span> <span class='ocrx_word' id='word_1_231' title='bbox 682 2588 790 2654; x_wconf 89' lang='lat' dir='ltr'><strong>eadem</strong></span> <span class='ocrx_word' id='word_1_232' title='bbox 816 2608 912 2653; x_wconf 90' lang='lat' dir='ltr'><strong>manu</strong></span> <span class='ocrx_word' id='word_1_233' title='bbox 941 2587 1053 2672; x_wconf 91' lang='lat' dir='ltr'><strong>scripta</strong></span> <span class='ocrx_word' id='word_1_234' title='bbox 1083 2588 1228 2653; x_wconf 81' lang='lat' dir='ltr'><strong>nonnulis</strong></span> <span class='ocrx_word' id='word_1_235' title='bbox 1263 2589 1303 2653; x_wconf 88' lang='lat' dir='ltr'><strong>de</strong></span> 
     </span>
    </p>
   </div>
   <div class='ocr_carea' id='block_1_5' title="bbox 74 2688 1300 3279">
    <p class='ocr_par' dir='ltr' id='par_1_5' title="bbox 74 2688 1300 3279">
     <span class='ocr_line' id='line_1_26' title="bbox 76 2688 1300 2776; baseline -0.002 -19"><span class='ocrx_word' id='word_1_236' title='bbox 76 2691 254 2776; x_wconf 71' lang='lat' dir='ltr'><strong>fragmentis</strong></span> <span class='ocrx_word' id='word_1_237' title='bbox 273 2690 423 2757; x_wconf 87' lang='lat' dir='ltr'><strong>Macrobii</strong></span> <span class='ocrx_word' id='word_1_238' title='bbox 443 2710 524 2776; x_wconf 88' lang='lat' dir='ltr'><strong>quae</strong></span> <span class='ocrx_word' id='word_1_239' title='bbox 545 2692 670 2755; x_wconf 90' lang='lat' dir='ltr'><strong>omnino</strong></span> <span class='ocrx_word' id='word_1_240' title='bbox 689 2697 893 2774; x_wconf 87' lang='lat' dir='ltr'><strong>congruerent</strong></span> <span class='ocrx_word' id='word_1_241' title='bbox 912 2708 981 2753; x_wconf 89' lang='lat' dir='ltr'><strong>cnm</strong></span> <span class='ocrx_word' id='word_1_242' title='bbox 1006 2688 1043 2752; x_wconf 92' lang='lat' dir='ltr'><strong>iis</strong></span> <span class='ocrx_word' id='word_1_243' title='bbox 1065 2708 1144 2773; x_wconf 88' lang='lat' dir='ltr'><strong>quae</strong></span> <span class='ocrx_word' id='word_1_244' title='bbox 1166 2688 1300 2772; x_wconf 84' lang='lat' dir='ltr'><strong>legeren-</strong></span> 
     </span>
     <span class='ocr_line' id='line_1_27' title="bbox 75 2788 1299 2876; baseline -0.002 -19"><span class='ocrx_word' id='word_1_245' title='bbox 75 2804 127 2857; x_wconf 88' lang='lat' dir='ltr'><strong>tur</strong></span> <span class='ocrx_word' id='word_1_246' title='bbox 154 2792 187 2856; x_wconf 93' lang='lat' dir='ltr'><strong>in</strong></span> <span class='ocrx_word' id='word_1_247' title='bbox 211 2789 343 2856; x_wconf 85' lang='lat' dir='ltr'><strong>Fabricii</strong></span> <span class='ocrx_word' id='word_1_248' title='bbox 362 2790 440 2855; x_wconf 87' lang='lat' dir='ltr'><strong>Bibi.</strong></span> <span class='ocrx_word' id='word_1_249' title='bbox 461 2792 527 2856; x_wconf 81' lang='lat' dir='ltr'><strong>Lat.</strong></span> <span class='ocrx_word' id='word_1_250' title='bbox 554 2791 619 2867; x_wconf 88' lang='grc'><strong>111,</strong></span> <span class='ocrx_word' id='word_1_251' title='bbox 642 2811 670 2876; x_wconf 91' lang='lat' dir='ltr'><strong>p.</strong></span> <span class='ocrx_word' id='word_1_252' title='bbox 697 2788 767 2855; x_wconf 81' lang='grc'><strong>186.</strong></span> <span class='ocrx_word' id='word_1_253' title='bbox 811 2789 896 2853; x_wconf 90' lang='lat' dir='ltr'><strong>Idem</strong></span> <span class='ocrx_word' id='word_1_254' title='bbox 922 2789 1004 2852; x_wconf 83' lang='lat' dir='ltr'><strong>aliud</strong></span> <span class='ocrx_word' id='word_1_255' title='bbox 1026 2788 1225 2874; x_wconf 85' lang='lat' dir='ltr'><strong>deprehendit</strong></span> <span class='ocrx_word' id='word_1_256' title='bbox 1251 2812 1299 2854; x_wconf 83' lang='lat' dir='ltr'><strong>re-</strong></span> 
     </span>
     <span class='ocr_line' id='line_1_28' title="bbox 75 2890 1300 2977; baseline -0.002 -19"><span class='ocrx_word' id='word_1_257' title='bbox 75 2892 201 2977; x_wconf 89' lang='lat' dir='ltr'><strong>stigium</strong></span> <span class='ocrx_word' id='word_1_258' title='bbox 232 2912 296 2977; x_wconf 91' lang='lat' dir='ltr'><strong>quo</strong></span> <span class='ocrx_word' id='word_1_259' title='bbox 329 2890 523 2975; x_wconf 86' lang='lat' dir='ltr'><strong>indagaretur</strong></span> <span class='ocrx_word' id='word_1_260' title='bbox 556 2890 675 2956; x_wconf 87' lang='lat' dir='ltr'><strong>illarum</strong></span> <span class='ocrx_word' id='word_1_261' title='bbox 708 2890 939 2956; x_wconf 87' lang='lat' dir='ltr'><strong>adnotationum</strong></span> <span class='ocrx_word' id='word_1_262' title='bbox 969 2897 1084 2953; x_wconf 90' lang='lat' dir='ltr'><strong>auctor.</strong></span> <span class='ocrx_word' id='word_1_263' title='bbox 1129 2890 1300 2975; x_wconf 83' lang='lat' dir='ltr'><strong>Adscripsit</strong></span> 
     </span>
     <span class='ocr_line' id='line_1_29' title="bbox 76 2990 1299 3077; baseline -0.003 -17"><span class='ocrx_word' id='word_1_264' title='bbox 76 2992 159 3060; x_wconf 88' lang='lat' dir='ltr'><strong>enim</strong></span> <span class='ocrx_word' id='word_1_265' title='bbox 182 2992 233 3057; x_wconf 88' lang='lat' dir='ltr'><strong>hic</strong></span> <span class='ocrx_word' id='word_1_266' title='bbox 252 2992 292 3057; x_wconf 90' lang='lat' dir='ltr'><strong>ad</strong></span> <span class='ocrx_word' id='word_1_267' title='bbox 311 2992 376 3057; x_wconf 84' lang='lat' dir='ltr'><strong>Sat.</strong></span> <span class='ocrx_word' id='word_1_268' title='bbox 398 2993 437 3070; x_wconf 86' lang='lat' dir='ltr'><strong>V,</strong></span> <span class='ocrx_word' id='word_1_269' title='bbox 456 2992 504 3068; x_wconf 85' lang='grc'><strong>13,</strong></span> <span class='ocrx_word' id='word_1_270' title='bbox 526 2992 585 3057; x_wconf 78' lang='lat'><strong>25:</strong></span> <span class='ocrx_word' id='word_1_271' title='bbox 615 2992 712 3070; x_wconf 91' lang='lat' dir='ltr'><strong>„Vide</strong></span> <span class='ocrx_word' id='word_1_272' title='bbox 732 3012 813 3077; x_wconf 90' lang='lat' dir='ltr'><strong>quae</strong></span> <span class='ocrx_word' id='word_1_273' title='bbox 832 2991 895 3055; x_wconf 82' lang='lat' dir='ltr'><strong>diri</strong></span> <span class='ocrx_word' id='word_1_274' title='bbox 914 2990 952 3055; x_wconf 93' lang='lat' dir='ltr'><strong>ad</strong></span> <span class='ocrx_word' id='word_1_275' title='bbox 972 2991 1068 3073; x_wconf 85' lang='lat' dir='ltr'><strong>Long.</strong></span> <span class='ocrx_word' id='word_1_276' title='bbox 1091 3012 1121 3075; x_wconf 94' lang='lat' dir='ltr'><strong>p.</strong></span> <span class='ocrx_word' id='word_1_277' title='bbox 1143 2990 1227 3063; x_wconf 84' lang='lat'><strong>39.“;</strong></span> <span class='ocrx_word' id='word_1_278' title='bbox 1246 2993 1299 3056; x_wconf 72' lang='lat' dir='ltr'><strong>md</strong></span> 
     </span>
     <span class='ocr_line' id='line_1_30' title="bbox 76 3090 1298 3178; baseline -0.006 -17"><span class='ocrx_word' id='word_1_279' title='bbox 76 3096 114 3161; x_wconf 91' lang='lat' dir='ltr'><strong>de</strong></span> <span class='ocrx_word' id='word_1_280' title='bbox 135 3096 245 3177; x_wconf 87' lang='lat' dir='ltr'><strong>Longo</strong></span> <span class='ocrx_word' id='word_1_281' title='bbox 272 3100 326 3157; x_wconf 89' lang='lat' dir='ltr'><strong>aut</strong></span> <span class='ocrx_word' id='word_1_282' title='bbox 347 3092 387 3157; x_wconf 92' lang='lat' dir='ltr'><strong>de</strong></span> <span class='ocrx_word' id='word_1_283' title='bbox 405 3093 545 3177; x_wconf 87' lang='lat' dir='ltr'><strong>Longino</strong></span> <span class='ocrx_word' id='word_1_284' title='bbox 569 3092 736 3178; x_wconf 76' lang='lat' dir='ltr'><strong>mridquam</strong></span> <span class='ocrx_word' id='word_1_285' title='bbox 760 3091 916 3178; x_wconf 86' lang='lat' dir='ltr'><strong>scripsisse</strong></span> <span class='ocrx_word' id='word_1_286' title='bbox 936 3090 1110 3155; x_wconf 86' lang='lat' dir='ltr'><strong>Fabricium</strong></span> <span class='ocrx_word' id='word_1_287' title='bbox 1143 3113 1205 3155; x_wconf 90' lang='lat' dir='ltr'><strong>non</strong></span> <span class='ocrx_word' id='word_1_288' title='bbox 1235 3112 1298 3154; x_wconf 91' lang='lat' dir='ltr'><strong>ma-</strong></span> 
     </span>
     <span class='ocr_line' id='line_1_31' title="bbox 74 3191 1297 3279; baseline -0.002 -19"><span class='ocrx_word' id='word_1_289' title='bbox 74 3196 121 3275; x_wconf 81' lang='lat' dir='ltr'><strong>gis</strong></span> <span class='ocrx_word' id='word_1_290' title='bbox 152 3212 246 3279; x_wconf 87' lang='lat' dir='ltr'><strong>quam</strong></span> <span class='ocrx_word' id='word_1_291' title='bbox 279 3212 337 3275; x_wconf 82' lang='lat' dir='ltr'><strong>ego</strong></span> <span class='ocrx_word' id='word_1_292' title='bbox 374 3192 482 3259; x_wconf 88' lang='lat' dir='ltr'><strong>babuit</strong></span> <span class='ocrx_word' id='word_1_293' title='bbox 512 3200 702 3279; x_wconf 87' lang='lat' dir='ltr'><strong>compertum</strong></span> <span class='ocrx_word' id='word_1_294' title='bbox 736 3192 934 3260; x_wconf 81' lang='lat' dir='ltr'><strong>Mereldinus.</strong></span> <span class='ocrx_word' id='word_1_295' title='bbox 994 3191 1161 3258; x_wconf 83' lang='lat' dir='ltr'><strong>Continent</strong></span> <span class='ocrx_word' id='word_1_296' title='bbox 1196 3199 1297 3257; x_wconf 89' lang='lat' dir='ltr'><strong>autem</strong></span> 
     </span>
    </p>
   </div>
   <div class='ocr_carea' id='block_1_6' title="bbox 79 3339 483 3349">
    <p class='ocr_par' dir='ltr' id='par_1_6' title="bbox 79 3339 483 3349">
     <span class='ocr_line' id='line_1_32' title="bbox 79 3339 483 3349; baseline -0.002 -2"><span class='ocrx_word' id='word_1_297' title='bbox 79 3339 371 3349; x_wconf 46' lang='grc' dir='ltr'>...μὴ</span> <span class='ocrx_word' id='word_1_298' title='bbox 381 3340 435 3345; x_wconf 80' lang='lat'><strong>--</strong></span> <span class='ocrx_word' id='word_1_299' title='bbox 444 3342 448 3346; x_wconf 91' lang='lat'><strong>.</strong></span> <span class='ocrx_word' id='word_1_300' title='bbox 470 3340 483 3346; x_wconf 82' lang='grc'><strong>.-</strong></span> 
     </span>
    </p>
   </div>
   <div class='ocr_carea' id='block_1_7' title="bbox 73 3429 1299 4416">
    <p class='ocr_par' dir='ltr' id='par_1_7' title="bbox 74 3429 1297 3665">
     <span class='ocr_line' id='line_1_33' title="bbox 75 3429 1297 3501; baseline 0 -16"><span class='ocrx_word' id='word_1_301' title='bbox 75 3450 102 3485; x_wconf 87' lang='lat' dir='ltr'><strong>n.</strong></span> <span class='ocrx_word' id='word_1_302' title='bbox 119 3432 206 3485; x_wconf 71' lang='lat' dir='ltr'><strong>raas.</strong></span> <span class='ocrx_word' id='word_1_303' title='bbox 220 3429 321 3496; x_wconf 75' lang='lat' dir='ltr'><strong>Sappi·</strong></span> <span class='ocrx_word' id='word_1_304' title='bbox 340 3431 433 3494; x_wconf 73' lang='lat' dir='ltr'><strong>nvn,</strong></span> <span class='ocrx_word' id='word_1_305' title='bbox 452 3448 478 3499; x_wconf 92' lang='lat' dir='ltr'><strong>p.</strong></span> <span class='ocrx_word' id='word_1_306' title='bbox 494 3435 558 3495; x_wconf 81' lang='grc'><strong>818)</strong></span> <span class='ocrx_word' id='word_1_307' title='bbox 575 3434 648 3487; x_wconf 81' lang='lat' dir='ltr'><strong>bees</strong></span> <span class='ocrx_word' id='word_1_308' title='bbox 665 3434 828 3489; x_wconf 69' lang='grc' dir='ltr'><strong>οὶιιιιιιιίι</strong></span> <span class='ocrx_word' id='word_1_309' title='bbox 844 3437 881 3487; x_wconf 77' lang='lat' dir='ltr'><strong>ii.</strong></span> <span class='ocrx_word' id='word_1_310' title='bbox 894 3434 1074 3497; x_wconf 70' lang='lat' dir='ltr'><strong>ttaaztna,</strong></span> <span class='ocrx_word' id='word_1_311' title='bbox 1098 3432 1250 3501; x_wconf 72' lang='lat' dir='ltr'><strong>Virgilian</strong></span> <span class='ocrx_word' id='word_1_312' title='bbox 1268 3433 1297 3485; x_wconf 83' lang='lat' dir='ltr'><strong>iu</strong></span> 
     </span>
     <span class='ocr_line' id='line_1_34' title="bbox 74 3514 553 3582; baseline 0 -13"><span class='ocrx_word' id='word_1_313' title='bbox 74 3514 281 3582; x_wconf 74' lang='lat' dir='ltr'><strong>Georgicorum</strong></span> <span class='ocrx_word' id='word_1_314' title='bbox 301 3514 415 3566; x_wconf 78' lang='lat' dir='ltr'><strong>exordio</strong></span> <span class='ocrx_word' id='word_1_315' title='bbox 434 3514 553 3569; x_wconf 79' lang='lat' dir='ltr'><strong>dixisset</strong></span> 
     </span>
     <span class='ocr_line' id='line_1_35' title="bbox 230 3596 858 3665; baseline 0.003 -16"><span class='ocrx_word' id='word_1_316' title='bbox 230 3596 382 3665; x_wconf 71' lang='lat' dir='ltr'><strong>Peneiaque</strong></span> <span class='ocrx_word' id='word_1_317' title='bbox 398 3599 513 3651; x_wconf 68' lang='lat' dir='ltr'><strong>inentia</strong></span> <span class='ocrx_word' id='word_1_318' title='bbox 531 3600 657 3651; x_wconf 79' lang='lat' dir='ltr'><strong>Acdetoa‘a</strong></span> <span class='ocrx_word' id='word_1_319' title='bbox 674 3600 780 3652; x_wconf 72' lang='lat' dir='ltr'><strong>nticait</strong></span> <span class='ocrx_word' id='word_1_320' title='bbox 798 3601 858 3652; x_wconf 78' lang='lat' dir='ltr'><strong>acia</strong></span> 
     </span>
    </p>

    <p class='ocr_par' dir='ltr' id='par_1_8' title="bbox 74 3675 1298 3901">
     <span class='ocr_line' id='line_1_36' title="bbox 75 3675 1298 3750; baseline -0.002 -16"><span class='ocrx_word' id='word_1_321' title='bbox 75 3698 130 3734; x_wconf 81' lang='lat' dir='ltr'><strong>aaa</strong></span> <span class='ocrx_word' id='word_1_322' title='bbox 147 3686 308 3749; x_wconf 79' lang='lat' dir='ltr'><strong>propterea,</strong></span> <span class='ocrx_word' id='word_1_323' title='bbox 326 3686 357 3730; x_wconf 87' lang='lat' dir='ltr'><strong>at</strong></span> <span class='ocrx_word' id='word_1_324' title='bbox 373 3682 435 3732; x_wconf 82' lang='lat' dir='ltr'><strong>vait</strong></span> <span class='ocrx_word' id='word_1_325' title='bbox 451 3680 622 3746; x_wconf 74' lang='lat' dir='ltr'><strong>Macrobius,</strong></span> <span class='ocrx_word' id='word_1_326' title='bbox 638 3683 711 3750; x_wconf 82' lang='lat' dir='ltr'><strong>qnod</strong></span> <span class='ocrx_word' id='word_1_327' title='bbox 731 3682 834 3736; x_wconf 74' lang='lat' dir='ltr'><strong>Graeci</strong></span> <span class='ocrx_word' id='word_1_328' title='bbox 845 3680 989 3731; x_wconf 65' lang='lat' dir='ltr'><strong>ticiani</strong></span> <span class='ocrx_word' id='word_1_329' title='bbox 1005 3678 1115 3731; x_wconf 79' lang='lat' dir='ltr'><strong>arsenii</strong></span> <span class='ocrx_word' id='word_1_330' title='bbox 1130 3675 1298 3731; x_wconf 63' lang='lat' dir='ltr'><strong>securitate</strong></span> 
     </span>
     <span class='ocr_line' id='line_1_37' title="bbox 74 3761 1298 3832; baseline -0.003 -15"><span class='ocrx_word' id='word_1_331' title='bbox 74 3764 145 3817; x_wconf 72' lang='lat' dir='ltr'><strong>uti</strong></span> <span class='ocrx_word' id='word_1_332' title='bbox 162 3778 249 3830; x_wconf 78' lang='lat' dir='ltr'><strong>saepe</strong></span> <span class='ocrx_word' id='word_1_333' title='bbox 264 3762 419 3815; x_wconf 76' lang='lat' dir='ltr'><strong>Achatem</strong></span> <span class='ocrx_word' id='word_1_334' title='bbox 439 3777 489 3830; x_wconf 79' lang='lat' dir='ltr'><strong>pte</strong></span> <span class='ocrx_word' id='word_1_335' title='bbox 504 3764 604 3831; x_wconf 73' lang='lat' dir='ltr'><strong>quvis</strong></span> <span class='ocrx_word' id='word_1_336' title='bbox 620 3780 691 3832; x_wconf 63' lang='lat' dir='ltr'><strong>agas</strong></span> <span class='ocrx_word' id='word_1_337' title='bbox 711 3763 881 3831; x_wconf 80' lang='lat' dir='ltr'><strong>posuissent,</strong></span> <span class='ocrx_word' id='word_1_338' title='bbox 893 3764 944 3816; x_wconf 87' lang='lat' dir='ltr'><strong>sed</strong></span> <span class='ocrx_word' id='word_1_339' title='bbox 961 3768 1111 3831; x_wconf 72' lang='lat' dir='ltr'><strong>prepterea</strong></span> <span class='ocrx_word' id='word_1_340' title='bbox 1124 3761 1198 3827; x_wconf 68' lang='lat' dir='ltr'><strong>anet</strong></span> <span class='ocrx_word' id='word_1_341' title='bbox 1211 3775 1298 3829; x_wconf 78' lang='lat' dir='ltr'><strong>prope</strong></span> 
     </span>
     <span class='ocr_line' id='line_1_38' title="bbox 75 3845 647 3901; baseline -0.003 0"><span class='ocrx_word' id='word_1_342' title='bbox 75 3849 151 3901; x_wconf 82' lang='lat' dir='ltr'><strong>isaac</strong></span> <span class='ocrx_word' id='word_1_343' title='bbox 172 3846 290 3899; x_wconf 80' lang='grc' dir='ltr'><strong>Ιιιιίιιιι</strong></span> <span class='ocrx_word' id='word_1_344' title='bbox 305 3845 436 3899; x_wconf 81' lang='lat' dir='ltr'><strong>inventae</strong></span> <span class='ocrx_word' id='word_1_345' title='bbox 453 3854 549 3901; x_wconf 72' lang='lat' dir='ltr'><strong>auant</strong></span> <span class='ocrx_word' id='word_1_346' title='bbox 567 3862 647 3901; x_wconf 77' lang='lat' dir='ltr'><strong>aens.</strong></span> 
     </span>
    </p>

    <p class='ocr_par' dir='ltr' id='par_1_9' title="bbox 73 3926 1299 4416">
     <span class='ocr_line' id='line_1_39' title="bbox 145 3926 1298 3996; baseline -0.003 -15"><span class='ocrx_word' id='word_1_347' title='bbox 145 3934 175 3991; x_wconf 79' lang='lat'><strong>²)</strong></span> <span class='ocrx_word' id='word_1_348' title='bbox 194 3928 334 3982; x_wconf 70' lang='lat' dir='ltr'><strong>Editiaais</strong></span> <span class='ocrx_word' id='word_1_349' title='bbox 353 3930 398 3990; x_wconf 81' lang='lat' dir='ltr'><strong>V..</strong></span> <span class='ocrx_word' id='word_1_350' title='bbox 426 3936 458 3983; x_wconf 84' lang='lat' dir='ltr'><strong>nt</strong></span> <span class='ocrx_word' id='word_1_351' title='bbox 481 3930 607 3994; x_wconf 65' lang='lat' dir='ltr'><strong>sidetana</strong></span> <span class='ocrx_word' id='word_1_352' title='bbox 638 3947 702 3984; x_wconf 82' lang='lat' dir='ltr'><strong>nassa</strong></span> <span class='ocrx_word' id='word_1_353' title='bbox 726 3932 755 3983; x_wconf 84' lang='lat' dir='ltr'><strong>ia</strong></span> <span class='ocrx_word' id='word_1_354' title='bbox 773 3932 841 3982; x_wconf 85' lang='lat' dir='ltr'><strong>edit.</strong></span> <span class='ocrx_word' id='word_1_355' title='bbox 859 3930 904 3981; x_wconf 79' lang='lat' dir='ltr'><strong>W.</strong></span> <span class='ocrx_word' id='word_1_356' title='bbox 924 3928 1037 3981; x_wconf 77' lang='lat' dir='ltr'><strong>anniso</strong></span> <span class='ocrx_word' id='word_1_357' title='bbox 1054 3946 1108 3979; x_wconf 89' lang='lat' dir='ltr'><strong>non</strong></span> <span class='ocrx_word' id='word_1_358' title='bbox 1126 3927 1233 3996; x_wconf 71' lang='lat' dir='ltr'><strong>tegitur</strong></span> <span class='ocrx_word' id='word_1_359' title='bbox 1249 3926 1298 3978; x_wconf 71' lang='lat' dir='ltr'><strong>hic</strong></span> 
     </span>
     <span class='ocr_line' id='line_1_40' title="bbox 75 4011 1298 4083; baseline -0.005 -16"><span class='ocrx_word' id='word_1_360' title='bbox 75 4016 158 4067; x_wconf 80' lang='lat' dir='ltr'><strong>index</strong></span> <span class='ocrx_word' id='word_1_361' title='bbox 180 4020 209 4067; x_wconf 83' lang='lat' dir='ltr'><strong>et</strong></span> <span class='ocrx_word' id='word_1_362' title='bbox 228 4012 257 4065; x_wconf 89' lang='lat' dir='ltr'><strong>ia</strong></span> <span class='ocrx_word' id='word_1_363' title='bbox 280 4012 404 4065; x_wconf 85' lang='lat' dir='ltr'><strong>editione</strong></span> <span class='ocrx_word' id='word_1_364' title='bbox 426 4015 463 4066; x_wconf 87' lang='lat' dir='ltr'><strong>ab</strong></span> <span class='ocrx_word' id='word_1_365' title='bbox 486 4013 617 4066; x_wconf 77' lang='lat' dir='ltr'><strong>Ernestia</strong></span> <span class='ocrx_word' id='word_1_366' title='bbox 635 4014 747 4083; x_wconf 82' lang='lat' dir='ltr'><strong>digesta</strong></span> <span class='ocrx_word' id='word_1_367' title='bbox 766 4020 896 4066; x_wconf 79' lang='lat' dir='ltr'><strong>staaeta</strong></span> <span class='ocrx_word' id='word_1_368' title='bbox 916 4012 1096 4081; x_wconf 72' lang='lat' dir='ltr'><strong>regnarent.</strong></span> <span class='ocrx_word' id='word_1_369' title='bbox 1117 4011 1174 4072; x_wconf 87' lang='lat' dir='ltr'><strong>tu,</strong></span> <span class='ocrx_word' id='word_1_370' title='bbox 1198 4028 1225 4077; x_wconf 70' lang='lat' dir='ltr'><strong>p.</strong></span> <span class='ocrx_word' id='word_1_371' title='bbox 1249 4014 1298 4061; x_wconf 80' lang='grc'><strong>188</strong></span> 
     </span>
     <span class='ocr_line' id='line_1_41' title="bbox 74 4093 1297 4165; baseline -0.004 -16"><span class='ocrx_word' id='word_1_372' title='bbox 74 4116 134 4165; x_wconf 71' lang='lat' dir='ltr'><strong>sqq.</strong></span> <span class='ocrx_word' id='word_1_373' title='bbox 170 4096 213 4149; x_wconf 75' lang='lat' dir='ltr'><strong>(ii.</strong></span> <span class='ocrx_word' id='word_1_374' title='bbox 231 4096 324 4163; x_wconf 74' lang='lat' dir='ltr'><strong>praei·</strong></span> <span class='ocrx_word' id='word_1_375' title='bbox 342 4095 453 4150; x_wconf 78' lang='lat' dir='ltr'><strong>Fabric.</strong></span> <span class='ocrx_word' id='word_1_376' title='bbox 477 4098 533 4152; x_wconf 79' lang='lat' dir='ltr'><strong>voi.</strong></span> <span class='ocrx_word' id='word_1_377' title='bbox 550 4098 578 4160; x_wconf 88' lang='lat' dir='ltr'><strong>l,</strong></span> <span class='ocrx_word' id='word_1_378' title='bbox 597 4114 623 4165; x_wconf 81' lang='lat' dir='ltr'><strong>p.</strong></span> <span class='ocrx_word' id='word_1_379' title='bbox 639 4114 720 4151; x_wconf 77' lang='grc' dir='ltr'><strong>ιιιιι.</strong></span> <span class='ocrx_word' id='word_1_380' title='bbox 756 4096 888 4150; x_wconf 72' lang='lat' dir='ltr'><strong>Cetera·</strong></span> <span class='ocrx_word' id='word_1_381' title='bbox 911 4098 1062 4149; x_wconf 71' lang='lat' dir='ltr'><strong>murtam</strong></span> <span class='ocrx_word' id='word_1_382' title='bbox 1077 4103 1122 4146; x_wconf 81' lang='lat' dir='ltr'><strong>est</strong></span> <span class='ocrx_word' id='word_1_383' title='bbox 1134 4093 1297 4146; x_wconf 75' lang='lat' dir='ltr'><strong>Fabriciani</strong></span> 
     </span>
     <span class='ocr_line' id='line_1_42' title="bbox 73 4176 1298 4251; baseline -0.007 -17"><span class='ocrx_word' id='word_1_384' title='bbox 73 4196 154 4234; x_wconf 76' lang='lat' dir='ltr'><strong>sauna</strong></span> <span class='ocrx_word' id='word_1_385' title='bbox 174 4178 298 4233; x_wconf 71' lang='lat' dir='ltr'><strong>iadicem</strong></span> <span class='ocrx_word' id='word_1_386' title='bbox 319 4179 489 4247; x_wconf 73' lang='lat' dir='ltr'><strong>scriptoram</strong></span> <span class='ocrx_word' id='word_1_387' title='bbox 512 4198 566 4233; x_wconf 85' lang='lat' dir='ltr'><strong>non</strong></span> <span class='ocrx_word' id='word_1_388' title='bbox 587 4182 743 4251; x_wconf 79' lang='lat' dir='ltr'><strong>sumpsisse</strong></span> <span class='ocrx_word' id='word_1_389' title='bbox 767 4196 801 4233; x_wconf 80' lang='lat' dir='ltr'><strong>ax</strong></span> <span class='ocrx_word' id='word_1_390' title='bbox 824 4180 948 4234; x_wconf 76' lang='lat' dir='ltr'><strong>sittim</strong></span> <span class='ocrx_word' id='word_1_391' title='bbox 964 4178 1150 4242; x_wconf 68' lang='lat' dir='ltr'><strong>herdinensi,</strong></span> <span class='ocrx_word' id='word_1_392' title='bbox 1176 4192 1230 4243; x_wconf 75' lang='lat' dir='ltr'><strong>qaa</strong></span> <span class='ocrx_word' id='word_1_393' title='bbox 1248 4176 1298 4243; x_wconf 81' lang='lat' dir='ltr'><strong>qai</strong></span> 
     </span>
     <span class='ocr_line' id='line_1_43' title="bbox 73 4258 1299 4332; baseline -0.004 -15"><span class='ocrx_word' id='word_1_394' title='bbox 73 4265 126 4317; x_wconf 79' lang='lat' dir='ltr'><strong>baa</strong></span> <span class='ocrx_word' id='word_1_395' title='bbox 143 4261 342 4317; x_wconf 67' lang='lat' dir='ltr'><strong>stamius·</strong></span> <span class='ocrx_word' id='word_1_396' title='bbox 364 4262 480 4329; x_wconf 78' lang='lat' dir='ltr'><strong>scripsit</strong></span> <span class='ocrx_word' id='word_1_397' title='bbox 502 4280 571 4317; x_wconf 82' lang='lat' dir='ltr'><strong>nans</strong></span> <span class='ocrx_word' id='word_1_398' title='bbox 592 4270 651 4328; x_wconf 80' lang='lat' dir='ltr'><strong>eat,</strong></span> <span class='ocrx_word' id='word_1_399' title='bbox 674 4266 724 4319; x_wconf 80' lang='lat' dir='ltr'><strong>aad</strong></span> <span class='ocrx_word' id='word_1_400' title='bbox 745 4264 773 4317; x_wconf 89' lang='lat' dir='ltr'><strong>ei</strong></span> <span class='ocrx_word' id='word_1_401' title='bbox 790 4263 973 4332; x_wconf 68' lang='lat' dir='ltr'><strong>prae-isiaco</strong></span> <span class='ocrx_word' id='word_1_402' title='bbox 989 4264 1089 4317; x_wconf 72' lang='lat' dir='ltr'><strong>verber</strong></span> <span class='ocrx_word' id='word_1_403' title='bbox 1118 4262 1161 4313; x_wconf 77' lang='lat' dir='ltr'><strong>Es</strong></span> <span class='ocrx_word' id='word_1_404' title='bbox 1184 4258 1299 4313; x_wconf 75' lang='lat' dir='ltr'><strong>editione</strong></span> 
     </span>
     <span class='ocr_line' id='line_1_44' title="bbox 79 4344 647 4416; baseline 0.004 -17"><span class='ocrx_word' id='word_1_405' title='bbox 79 4350 114 4401; x_wconf 83' lang='grc' dir='ltr'><strong>Ιο.</strong></span> <span class='ocrx_word' id='word_1_406' title='bbox 135 4346 225 4401; x_wconf 74' lang='lat' dir='ltr'><strong>duaci</strong></span> <span class='ocrx_word' id='word_1_407' title='bbox 247 4344 364 4398; x_wconf 79' lang='lat' dir='ltr'><strong>Faatnai</strong></span> <span class='ocrx_word' id='word_1_408' title='bbox 384 4346 472 4416; x_wconf 71' lang='lat' dir='ltr'><strong>tege.</strong></span> <span class='ocrx_word' id='word_1_409' title='bbox 490 4348 545 4401; x_wconf 75' lang='lat' dir='ltr'><strong>aaa</strong></span> <span class='ocrx_word' id='word_1_410' title='bbox 573 4350 647 4401; x_wconf 78' lang='lat' dir='ltr'><strong>tata.</strong></span> 
     </span>
    </p>
   </div>
   <div class='ocr_carea' id='block_1_8' title="bbox 0 0 1500 4867">
    <p class='ocr_par' dir='ltr' id='par_1_10' title="bbox 0 0 1500 4867">
     <span class='ocr_line' id='line_1_45' title="bbox 0 0 1500 4867; baseline 0 2"><span class='ocrx_word' id='word_1_411' title='bbox 0 0 1500 4867; x_wconf 95' lang='lat' dir='ltr'><strong> </strong></span> 
     </span>
    </p>
   </div>
  </div>
 </body>
</html>
