2992 4867
202 139 211 157 ·
256 126 318 191 bid
723 122 935 190 macuossu

253 295 335 361 aliud
352 312 389 357 ex
409 290 470 355 alio
489 296 597 366 mutat,
616 296 743 354 vocatur
762 286 962 375 ἀλλοιωτικὴ.
1000 290 1082 357 Huic
1101 292 1290 358 obsecuntur
1306 310 1428 365 omnes,

204 380 326 466 l'lquia
359 379 423 463 ipsa
453 374 674 459 digestionibus
702 384 797 440 curat
848 377 970 441 Ventris
995 378 1076 442 enim
1107 378 1169 441 duc
1198 386 1271 442 sunt
1299 377 1429 461 omfieia,

254 483 387 550 quorum
409 460 550 558 superius
570 467 705 524 erectum
730 462 838 546 recipit
857 463 1001 527 devorata
1020 470 1050 526 et
1069 462 1101 525 in
1119 460 1221 526 follem
1243 461 1357 526 ventris
1379 481 1430 525 re·
1487 417 1489 528 l

255 549 368 613 condit
413 547 472 611 llic
493 553 540 609 est
559 543 753 623 stomachus,
787 546 840 631 qui
861 545 1076 631 paterfamilias
1095 546 1154 610 dici
1175 547 1302 624 me‘ruit,
1338 545 1430 629 quasi
1487 545 1489 634 l

255 656 346 701 omne
365 630 473 695 animal
495 630 579 694 solus
596 630 783 727 gubemans:
816 652 885 695 nam
909 631 934 695 si
957 638 1127 715 aegrescat,
1158 630 1219 697 sita
1244 630 1275 694 in
1297 630 1426 714 ancipiti
1487 651 1489 778 r

255 728 302 785 est
319 718 470 783 titubante
490 715 650 779 alimoniae
669 724 785 780 meatu:
807 716 856 780 cui
873 724 981 780 natura
998 726 1156 800 tamquam
1174 715 1302 779 rationis
1320 714 1429 799 capaci

254 806 331 870 velle
353 822 388 866 ac
410 800 491 865 nolle
520 800 696 865 contribuit
740 800 870 866 lalerius
892 821 962 866 reso
981 801 1147 865 demissum
1170 800 1320 864 intestinis
1342 800 1429 863 aslia-

209 889 395 961 lbcentibus
419 885 575 963 inseritur,
605 893 636 949 et
655 884 725 950 inde
747 885 795 951 ria
821 895 869 951 est
887 885 1052 971 egerendis.
1095 886 1178 971 Ergo
1204 885 1235 948 in
1261 892 1367 950 ventre
1396 885 1430 949 fit

256 975 354 1063 prima
376 972 505 1057 digestio
524 972 634 1036 virtute
653 966 848 1058 ἀλλοιωτικῇ
870 972 901 1035 ia
921 992 1030 1036 sucum
1051 979 1188 1036 vertente
1208 970 1355 1056 quicquid
1376 990 1428 1033 ac·
1487 1051 1488 1060 ἵ

256 1068 378 1145 ceptum
402 1065 462 1134 est,
495 1058 582 1122 cuius
603 1055 670 1121 laer
692 1058 871 1122 retrimenta
892 1066 965 1122 sunt
983 1076 1063 1141 quae
1084 1077 1139 1141 per
1162 1056 1318 1131 intestina,
1351 1055 1428 1119 inle—
1487 1065 1488 1128 1

256 1146 337 1210 riore
357 1142 475 1208 orilicio
498 1141 655 1219 tradente,
687 1142 847 1208 labuntur:
882 1150 914 1206 et
936 1141 1039 1207 olbcio
1060 1148 1188 1225 quartae
1210 1140 1346 1216 virtutis,
1378 1140 1430 1204 eui
1487 1141 1488 1150 ’

207 1224 465 1312 19ἄπεκκριτικὴ
488 1246 601 1292 nomen
624 1236 683 1306 est,
719 1236 904 1376 zrocumtur
926 1226 1049 1311 egestio.
1092 1227 1175 1309 Ergo
1220 1236 1363 1311 ostquam
1398 1226 1429 1289 in
1487 1243 1488 1300 s

256 1336 364 1379 sucum
384 1313 472 1377 cibus
491 1309 688 1389 reformatur,
746 1313 855 1395 iciam
881 1311 1177 1385 iecoriscurasucc
1218 1310 1250 1374 it
1293 1310 1350 1373 Est
1373 1330 1429 1373 an-

255 1407 317 1464 tem
339 1398 422 1463 iecur
442 1406 602 1462 concretus
625 1398 757 1482 sanguis,
774 1406 807 1462 et
825 1398 895 1462 ideo
914 1396 1007 1461 babet
1024 1395 1159 1460 nativum
1182 1395 1324 1472 calorem,
1342 1394 1429 1478 quod

257 1483 430 1551 conlectum
454 1503 560 1547 sucum
583 1483 675 1547 vertit
695 1482 726 1546 in
750 1483 946 1566 sanguinem:
978 1490 1011 1546 et
1032 1482 1112 1545 sicat
1133 1480 1235 1545 cibum
1262 1480 1293 1543 in
1316 1499 1428 1543 sucum

256 1570 333 1635 verti
356 1567 454 1655 prima
480 1574 542 1644 est,
574 1566 615 1631 ita
638 1588 746 1633 sucum
775 1569 907 1632 transire
929 1567 960 1630 in
988 1565 1166 1649 sanguinem
1191 1564 1323 1630 secunda
1344 1564 1430 1648 dige

205 1655 316 1723 uestro
345 1662 399 1717 est.
447 1653 540 1715 Hunc
564 1652 647 1716 calor
673 1652 782 1717 iecoris
808 1651 1053 1718 administratum
1084 1670 1138 1735 per
1165 1671 1310 1714 venerum
1340 1648 1432 1712 listu-

255 1740 299 1803 las
330 1737 363 1800 in
392 1756 447 1799 sua
478 1755 619 1820 quaeque
649 1737 786 1801 membra
816 1736 977 1821 dispergit,
1010 1742 1095 1819 parte
1126 1753 1206 1818 quae
1235 1755 1271 1798 ex
1300 1732 1432 1817 digestis

255 1820 449 1905 frigidissima
469 1826 516 1883 est
537 1820 567 1883 in
589 1820 696 1883 lienem
718 1820 828 1896 sclusa,
856 1820 908 1904 qui
931 1828 967 1883 ut
987 1818 1072 1882 iecur
1094 1818 1203 1881 caloris
1225 1818 1267 1884 ita
1287 1819 1352 1965 ifse
1378 1817 1431 1881 fri-

203 1909 241 1971 21
254 1906 336 1991 geris
355 1902 542 1967 domicilium
567 1912 622 1966 est.
666 1904 741 1968 Nam
763 1904 833 1968 ideo
851 1923 958 1967 omnes
977 1902 1120 1965 dexterae
1137 1909 1238 1998 partes
1261 1924 1299 1970 va
1312 1902 1432 1983 idiores

202 1996 345 2074 [erelsunt
367 1994 399 2051 et
418 1985 580 2051 debiliores
601 1986 751 2065 sinistrae,
773 1987 846 2072 quia
865 1986 919 2051 bas
940 1985 1018 2070 regit
1040 1986 1123 2050 calor
1138 1984 1261 2050 visceris
1276 1986 1336 2063 sui,
1362 1986 1435 2053 illae
1487 2071 1488 2106 1

323 2170 406 2239 [Mes.
426 2172 565 2225 APSHlss.

256 2274 308 2308 cm.
327 2256 355 2309 S.
391 2257 570 2325 digestiva
594 2257 625 2307 E.
730 2262 771 2310 lt.
800 2258 992 2327 aegrescitl‘.
1023 2284 1053 2294 —
1081 2256 1212 2325 egerendi
1234 2255 1284 2305 dv.
1344 2246 1348 2255 '
1389 2261 1436 2307 18.

255 2318 420 2392 ἀλλοιωτική
445 2325 482 2374 si.
519 2324 664 2377 clloeoticc
682 2341 741 2390 c-g.
776 2340 967 2377 amoremne
996 2324 1026 2374 Α.
1062 2341 1115 2374 ons.
1134 2322 1163 2373 S.
1196 2348 1221 2359 -
1254 2314 1435 2390 ἅπακριτικὴ
1487 2383 1488 2386 ¹

257 2390 319 2441 ille
353 2406 594 2443 snosnsnsrrrrrs
620 2398 649 2443 Α.
684 2386 853 2459 ἀποκριτικὴ
881 2394 949 2443 Edd.
966 2390 999 2441 P.
1034 2408 1088 2442 cm.
1111 2390 1141 2440 S.
1166 2416 1199 2427 -
1224 2405 1317 2439 comes
1343 2382 1433 2439 dw-

255 2455 361 2525 κριτικὴ
379 2459 431 2509 Η2.
537 2464 576 2511 ss.
604 2460 725 2510 colorem
739 2460 768 2510 S.
788 2485 820 2498 -
839 2462 890 2527 qui
909 2462 1054 2523 confectum
1072 2456 1169 2537 rit-gb.
1188 2456 1323 2518 „llecte.“
1340 2454 1433 2507 Zenn.
1487 2505 1488 2532 ¹

255 2551 290 2562 —
317 2528 440 2579 verterit
456 2528 485 2578 Α.
512 2554 545 2565 -
573 2526 772 2595 digestiowm.
791 2535 852 2586 est).
955 2530 997 2576 20.
1028 2526 1283 2577 cdmiusstrcsrdnss
1300 2539 1326 2573 v.

256 2610 300 2659 21.
328 2610 377 2661 bur
395 2611 544 2670 dextras
567 2596 596 2671 ·Ι·
623 2610 675 2659 Η2.
705 2638 738 2649 -
767 2610 869 2661 illoS.
971 2612 1014 2660 22.
1044 2609 1128 2660 tertio
1146 2606 1175 2656 ls.
1194 2622 1340 2673 -psruss
1359 2610 1433 2665 (om.

295 2782 332 2831 ld.
368 2782 465 2848 omncs]
491 2782 509 2831 i.
529 2798 553 2831 e.
574 2790 685 2832 ceterae
703 2782 816 2835 vitutus.
901 2776 1085 2850 ἅπεκκριτικὴ]
1103 2780 1151 2831 Sic
1169 2778 1342 2831 oecalicibus
1361 2796 1433 2830 mss.

257 2846 300 2895 Gi.
319 2847 443 2897 tabulam
464 2846 584 2897 nicaenii
603 2848 745 2917 Agrippae
771 2867 816 2917 sp.
867 2849 984 2915 scripsi,
1017 2848 1144 2913 quassaris
1171 2848 1327 2898 Alexander
1357 2848 1378 2898 l.
1406 2865 1432 2897 c.
1487 2841 1488 2906 l

257 2911 317 2961 [air.
337 2912 373 2971 ll,
393 2916 436 2975 32,
454 2917 470 2963 9
487 2930 547 2979 sqq·
866 2910 1044 2982 ἀποκριτικήν
1062 2930 1123 2965 cum
1143 2916 1274 2965 nourinet.
1487 2917 1488 2986 J

248 3008 249 3011 =
289 2976 480 3043 digestionibus
498 2980 583 3045 carot]
610 2980 671 3031 l‘id.
697 2987 754 3033 not.
780 2984 815 3033 sd
902 2987 943 3033 19.
975 2990 1115 3049 postquam
1140 3020 1163 3033 ..
1187 2979 1358 3047 reformatur]
1386 2979 1433 3031 Gt.
1487 2995 1488 3046 l

256 3043 279 3104 l,
301 3047 340 3107 14,
359 3048 399 3108 6.,
418 3043 532 3097 ubibic
553 3048 630 3099 locus
650 3050 816 3101 estodden-
867 3048 957 3099 lland.
986 3048 1112 3098 Turseli.
1146 3048 1197 3114 tv,
1231 3066 1257 3113 p.
1286 3052 1338 3098 498
1369 3065 1431 3113 sq.:

256 3110 316 3162 dus.
866 3116 1025 3178 „Praesens
1042 3154 1064 3166 ..
1082 3114 1185 3167 dicitur
1204 3153 1229 3167 ..
1251 3117 1285 3165 de
1305 3114 1344 3165 rei
1364 3132 1434 3167 cou-

292 3183 333 3229 Π.
388 3178 613 3248 oterfcmilics]i.
634 3199 658 3233 e.
678 3182 817 3235 dominus.
867 3182 973 3233 ditione
1007 3198 1077 3248 quae
1107 3184 1204 3234 eodem
1238 3182 1432 3249 praesentiam

256 3244 298 3296 Gi.
318 3244 341 3307 l,
362 3196 402 3309 ll,
424 3252 463 3299 lt.
866 3251 997 3301 continua
1017 3248 1162 3313 attingit.“

292 3314 346 3363 dici
370 3314 474 3383 mouit]
501 3314 519 3365 i.
540 3332 564 3366 c.
590 3314 692 3380 dignus
708 3321 752 3368 est
769 3318 816 3384 qui
901 3320 929 3369 ic
957 3316 1057 3384 sucum]
1081 3318 1123 3369 Cf.
1149 3316 1206 3368 Cic.
1226 3314 1258 3366 N.
1276 3314 1307 3364 l).
1327 3314 1366 3377 ll,
1386 3318 1432 3379 55,

257 3380 377 3432 dicutur.
413 3382 455 3433 Gt.
475 3400 498 3432 c.
516 3387 541 3435 9.
560 3383 573 3449 5
590 3387 633 3433 22.
868 3388 926 3436 13Τ.
946 3386 989 3436 Es
1007 3386 1138 3437 intestinis
1157 3393 1243 3436 cutem
1262 3391 1286 3434 et
1304 3383 1368 3433 cleo
1388 3400 1433 3433 se-

291 3464 366 3499 omoe
382 3450 494 3515 animat]
515 3450 535 3502 i.
555 3468 579 3501 e.
598 3458 685 3502 totum
704 3465 815 3517 corpus.
866 3461 953 3504 cretas
970 3470 989 3503 o
1007 3454 1108 3518 reliquo
1128 3453 1183 3503 cibo
1206 3466 1300 3500 sucus
1320 3452 1348 3501 is
1368 3468 1435 3517 qno

257 3514 305 3567 Sic
330 3515 434 3569 Comm.
460 3516 482 3580 l,
512 3522 535 3579 1,
557 3523 582 3568 t.
608 3519 704 3570 eodem
731 3536 816 3570 seusu
867 3521 990 3572 alimur
1009 3529 1149 3587 permanat
1166 3520 1203 3570 cd
1220 3519 1301 3568 iecur.

256 3582 361 3635 dicitur
384 3593 444 3653 post
464 3586 588 3637 animal
614 3594 642 3636 et
665 3593 724 3654 post
747 3602 816 3638 cor·
900 3582 1342 3655 oesrssnsaaglrnen10r.cra
1364 3582 1387 3635 l.
1405 3602 1435 3635 e.

254 3666 326 3716 pus.
867 3656 907 3704 Ae
933 3671 963 3705 eo
989 3656 1045 3705 cibo
1070 3671 1149 3721 quum
1176 3660 1215 3705 est
1241 3660 1341 3704 nemete
1367 3653 1436 3704 bilis

289 3718 428 3785 titubante]
447 3718 466 3769 i.
482 3718 677 3771 estabilitate.
865 3721 937 3787 iique
955 3722 1075 3772 tremores
1092 3722 1138 3788 qui
1156 3720 1291 3772 arentibus
1309 3721 1435 3787 presu—

289 3786 357 3836 nstle
373 3802 404 3835 ac
421 3786 501 3853 stelle]
520 3793 595 3838 tenet
615 3788 707 3839 locutu
725 3787 817 3839 uomi-
866 3789 976 3852 duntur,
992 3789 1097 3855 religas
1116 3804 1149 3840 se
1169 3790 1203 3839 is
1228 3788 1437 3855 sunguine·

256 3866 321 3902 num
350 3852 603 3915 substantivorum,
636 3856 816 3921 oppetentium
865 3862 1009 3907 certast.

255 3926 281 3971 et
291 3920 446 3983 festidium.
473 3918 515 3970 (ll.
535 3937 558 3970 c.
577 3924 602 3987 9,
619 3925 635 3985 5
652 3926 694 3973 22.
712 3930 741 3973 et
759 3920 814 3973 sid.
900 3926 943 3972 20.
986 3918 1210 3987 administratum]
1244 3918 1319 3970 idem
1348 3921 1441 3973 iulet

257 3988 386 4054 prolcgg.
406 4006 431 4054 p.
451 4003 533 4039 usn
555 4004 597 4053 sq.
866 3989 939 4055 quod
956 3989 1039 4056 paulo
1057 4003 1142 4053 supra
1161 3990 1315 4051 consectum.

293 4057 331 4103 18.
367 4056 529 4121 retrimenta]
552 4054 596 4105 (ll.
616 4057 649 4118 55
668 4058 702 4105 22
721 4058 814 4115 ct243
898 4060 941 4106 21.
976 4058 1026 4107 bas
1044 4091 1068 4106 ..
1086 4053 1161 4119 illue]
1188 4054 1278 4117 „vtes
1296 4052 1336 4104 sis
1355 4071 1441 4120 qssne

256 4138 279 4172 c.
306 4126 353 4186 ll,
372 4125 387 4184 5
405 4127 437 4184 9;
462 4140 484 4172 c.
509 4126 553 4183 15,
572 4125 587 4184 5
608 4126 638 4172 19
656 4138 716 4187 sq.;
740 4121 771 4172 C.
791 4122 815 4183 l,
865 4122 966 4174 scribit
991 4128 1070 4190 petes
1094 4137 1173 4171 ursam
1201 4122 1273 4173 libro
1290 4121 1342 4171 ΙΙΙ.
1371 4122 1443 4173 0b-

254 4192 280 4250 6,
293 4194 336 4239 Π.
363 4189 814 4240 Eodcmsensalrocsecnbnlusn
865 4190 1015 4242 servatione.
1034 4204 1094 4254 scu.
1115 4193 1168 4249 te,
1197 4205 1261 4239 naus
1288 4187 1443 4253 importu-

255 4254 371 4307 Vsrroni
394 4256 528 4307 tribuitur
550 4271 566 4307 s
588 4256 678 4307 Nonio
704 4274 729 4322 p.
752 4260 814 4320 211,
864 4274 917 4309 nus
938 4264 1001 4310 srst
1018 4256 1182 4308 Pricaeus.“
1207 4256 1298 4307 (isos.
1323 4282 1360 4295 -
1384 4256 1443 4311 lbi

253 4322 296 4368 23.
331 4321 396 4386 lpse
406 4323 566 4375 Macrobius
584 4340 608 4374 c.
623 4326 666 4385 16,
685 4326 701 4385 §
717 4327 741 4373 4.
762 4322 814 4374 bs·
863 4324 982 4392 legitur:
1015 4324 1156 4387 „blisstur
1185 4322 1229 4375 sir
1255 4320 1388 4382 eruditus
1419 4344 1446 4381 a

254 4384 301 4433 bct
315 4396 489 4439 recrementa.-
514 4390 635 4442 alterurn
654 4406 670 4441 a
688 4389 811 4453 terendo,
863 4391 1085 4458 castigatoribns
1102 4391 1177 4442 bunc
1194 4392 1287 4442 locum
1310 4388 1446 4455 impuno

253 4448 372 4500 alterum
392 4467 409 4502 c
427 4455 564 4506 cernendo
583 4462 626 4507 est
644 4455 810 4509 derivatam·
863 4474 926 4510 csse
943 4457 1108 4522 dimissum,
1135 4474 1220 4525 qaum
1240 4459 1444 4523 trsnspositio
