2992 4867
218 94 282 161 030
696 86 907 156 ttnGltotttt

238 260 348 347 upula,
378 274 574 343 quacumque
598 274 664 321 eam
688 256 832 335 verteris,
863 256 979 322 directa
997 256 1076 322 tinea
1097 256 1218 323 emicat
1262 258 1298 324 ld
1316 278 1391 324 oen·

217 284 318 412 hrum
348 343 549 409 domesticum
574 341 758 425 profluuium
782 342 808 405 si
834 342 1002 429 reppererit
1024 341 1056 406 in
1083 342 1273 407 circumfuso
1300 343 1394 408 uobis

218 450 288 495 aere
311 429 420 505 iucem,
439 447 493 512 per
514 444 580 490 eam
604 425 742 491 directim
765 428 863 511 pergit
883 426 1032 510 quamdiu
1050 446 1162 512 corpus
1182 428 1332 493 offendat:
1362 434 1397 493 et

167 515 262 599 [tensi
286 512 392 578 faciem
416 511 541 577 verteris
564 516 600 573 ut
625 511 866 596 circumspicies,
898 512 1067 595 utrobique
1091 513 1173 576 acies
1200 512 1322 578 videndi
1348 513 1394 577 di·

218 606 301 664 recta
320 596 466 695 procedit
510 597 580 679 Ipse
600 604 702 660 eutem
725 597 833 674 iaetus,
854 616 946 680 quem
969 596 1104 661 diximus
1123 598 1163 661 de
1184 598 1298 663 nostris
1319 618 1396 662 ocu·

218 684 255 747 lis
277 702 417 758 emicare,
438 679 584 764 incipiens
601 700 617 743 a
635 681 721 744 tenui
742 680 845 746 radice
866 682 896 745 in
919 702 1037 745 summa
1058 682 1093 744 ht
1114 682 1218 746 tutior:
1244 682 1324 747 sicut
1346 704 1396 747 ra-

219 767 261 832 dii
282 788 300 832 a
321 768 437 852 pictore
460 765 501 829 sm
547 772 633 828 ntur:
664 765 733 829 ideo
758 786 812 850 per
834 765 1071 830 minutissimum
1095 764 1231 831 foreman
1257 776 1396 832 contem

170 852 305 939 lipians
331 850 442 915 ocutus
466 849 494 915 vi
518 857 549 914 et
573 848 648 913 caeti
668 848 918 947 profunditatem.
961 851 1044 933 Ergo
1065 850 1123 914 tria
1149 852 1207 916 ista
1227 853 1399 918 necessaria

219 936 308 1000 nohis
329 942 403 999 sunt
424 933 462 998 ad
485 936 625 998 edoctum
647 934 787 999 videndi:
822 936 924 1000 iumen
944 934 1026 1019 quod
1048 935 1086 1000 de
1107 936 1196 1000 nohis
1216 937 1398 1015 emittimus,

220 1029 250 1085 et
272 1028 309 1085 ut
333 1040 385 1084 aer
412 1018 464 1103 qui
485 1017 642 1082 interiacet
664 1019 785 1083 lucidus
804 1020 856 1097 sit,
874 1028 906 1083 et
923 1040 1034 1117 corpus
1053 1040 1118 1104 quo
1137 1022 1257 1085 offenso
1276 1022 1400 1087 desinat

220 1104 363 1181 intentio,
421 1124 478 1167 uae
499 1102 524 1167 si
547 1102 661 1167 diutius
689 1111 811 1188 pergat,
845 1112 956 1168 rectam
978 1105 1178 1169 intentionem
1200 1107 1310 1171 lassata
1330 1128 1396 1172 non

172 1190 338 1275 ihoptinet
365 1124 419 1252 sed
447 1188 539 1251 scissa
562 1187 592 1251 in
621 1185 774 1253 dexteram
802 1189 980 1273 laevamque
1007 1188 1198 1253 diffunditur.
1241 1191 1323 1254 Hinc
1348 1201 1398 1256 est

221 1274 319 1361 quod,
349 1272 539 1370 ubicumque
566 1279 717 1338 terrarum
745 1274 880 1350 steteris,
912 1272 1023 1337 rideris
1051 1272 1107 1338 tibi
1136 1274 1290 1358 quandam
1319 1277 1398 1341 caeti

221 1357 447 1429 conclusionem
472 1357 584 1433 videre,
611 1364 642 1421 et
664 1358 723 1422 hoc
744 1366 790 1423 est
812 1358 894 1442 quod
919 1358 1109 1422 horizontem
1131 1367 1248 1424 veteres
1268 1380 1398 1425 vocave-

219 1450 308 1507 runt:
347 1461 480 1527 quorum
516 1442 627 1525 indago
660 1442 789 1507 fideliter
819 1441 1018 1528 deprehendit
1049 1442 1195 1507 directam
1226 1444 1265 1509 ab
1295 1446 1397 1511 ocutis

221 1527 317 1591 aciem
340 1546 394 1610 per
414 1526 538 1610 planum
560 1533 667 1591 contra
690 1527 906 1612 aspicientibus
927 1548 989 1590 nou
1016 1548 1142 1611 pergere
1164 1529 1243 1592 uitra
1270 1537 1397 1595 eurtum

221 1609 377 1694 octoginta
399 1610 510 1687 stadia,
539 1618 570 1674 et
593 1611 663 1673 inde
688 1612 746 1675 iam
772 1612 933 1676 recurreri.
963 1613 1037 1676 -Per
1052 1614 1181 1698 planum
1201 1613 1270 1677 ideo
1289 1614 1399 1693 adieci,

223 1696 297 1779 quia
317 1694 491 1759 altitudines
514 1694 687 1775 longissima
712 1695 891 1793 aspicimus,
913 1696 1028 1781 quippe
1048 1697 1102 1780 qui
1124 1706 1155 1762 et
1175 1698 1291 1763 caetum
1312 1699 1398 1764 ride-

223 1800 300 1844 mus.
344 1779 426 1861 Ergo
448 1776 580 1841 inomni
603 1777 771 1843 horizontis
790 1780 864 1845 orhe
885 1780 951 1865 ipse
970 1781 1024 1865 qui
1043 1782 1182 1847 intuetur
1198 1791 1323 1848 centron
1339 1793 1397 1849 est.

221 1862 264 1927 Et
287 1862 360 1945 quia
386 1861 516 1926 diximus
538 1868 686 1944 quantum
708 1884 724 1926 a
749 1871 857 1928 centro
879 1864 961 1928 acies
982 1886 1084 1949 usque
1109 1866 1147 1931 ad
1174 1877 1287 1953 partem
1311 1870 1399 1935 urhis

223 1944 409 2023 extenditur,
445 1943 509 2008 sine
530 1943 625 2010 dubio
652 1945 683 2009 in
710 1947 871 2013 horizonte
892 1946 1064 2036 διάμετρος
1084 1951 1167 2016 orbis
1189 1960 1397 2019 trecentomm

285 2136 366 2206 [uu.
386 2138 490 2193 ausu.

286 2224 327 2272 13.
352 2225 495 2291 geminum
517 2222 597 2275 sti-z.
631 2227 702 2291 „Ed
725 2234 780 2282 vet.
805 2232 959 2299 genuimu-
992 2227 1088 2279 Recte.
1123 2226 1194 2279 Num
1214 2235 1395 2295 permutetur

223 2302 285 2339 curu
306 2290 431 2355 requenti
452 2292 649 2344 domesticum.“
666 2294 752 2347 Zeun.
768 2324 801 2337 -
822 2296 942 2365 pepitia
957 2292 1040 2360 dr-g.
1056 2321 1092 2333 -
1114 2312 1183 2347 eum
1202 2298 1280 2365 (sup.
1298 2300 1341 2359 id)
1360 2302 1395 2353 d.

222 2380 249 2393 ·-
269 2356 485 2409 domesticorum
504 2358 540 2409 11.
557 2384 589 2395 -
610 2376 688 2425 quae
705 2364 863 2415 diximurd.
880 2388 911 2399 -
935 2360 1092 2413 miurus.
1198 2367 1238 2415 rt.
1268 2366 1323 2417 trin
1341 2385 1395 2421 ne·

219 2424 336 2473 eearnriu
353 2424 428 2475 nodis
446 2428 515 2486 (oru-
535 2426 601 2488 irtn)
620 2425 650 2477 S.
686 2432 740 2481 triu
755 2433 807 2481 ieta
823 2428 896 2479 uotis
910 2430 1060 2479 neceunrie
1077 2430 1211 2481 νει-111).
1245 2435 1300 2484 triu
1317 2436 1396 2487 notia

219 2489 273 2539 ictu
295 2492 442 2541 necessaria
460 2491 508 2555 hg.
533 2516 566 2528 -
589 2495 666 2559 pund
688 2498 787 2563 offense
802 2495 832 2544 Δ.
855 2520 889 2532 ·-
913 2495 1026 2547 intencio
1047 2494 1148 2555 (etiarn
1167 2497 1256 2562 intre)
1274 2516 1333 2566 c-g.
1362 2530 1392 2542 -

219 2556 303 2621 quod
321 2557 344 2607 ri
360 2555 389 2605 S.
405 2580 437 2593 -
454 2557 582 2608 dextrum
599 2558 628 2610 S.
733 2567 771 2612 15.
796 2562 965 2628 octuaginta
979 2568 1067 2613 rt.·-
1085 2564 1148 2615 inde
1163 2565 1198 2615 ie
1216 2567 1319 2618 urtern
1337 2569 1394 2621 iun

220 2634 281 2688 r-g.
305 2646 336 2659 -·
361 2622 447 2690 tange
467 2622 496 2673 Ρ.
602 2630 642 2679 tt.
669 2631 738 2683 omni
754 2634 822 2689 (om.
840 2630 884 2688 iu)
902 2628 933 2680 S.
953 2654 984 2669 ··
1002 2639 1131 2685 centrum
1150 2632 1231 2685 r-ht'.
1249 2660 1286 2674 -
1301 2630 1395 2701 decipe-

251 2805 400 2921 prouenpre]
426 2806 510 2924 hidepp
541 2814 677 2896 iva-tepeo
708 2817 782 2897 effici
865 2818 979 2899 indago]
1005 2814 1046 2869 01.
1070 2816 1137 2869 cmt.
1159 2817 1261 2899 ]uutiu.
1280 2820 1330 2883 W,
1349 2824 1394 2875 81.

217 2884 515 3001 :tt'mtuthtfn
536 2880 782 3013 ,itt'htttttff
831 2886 1396 3016 ttatgtttttuttttt'th‘fftt't‘t:

216 3003 281 3052 hum
309 3019 359 3069 pro
388 3024 421 3058 eo
445 3014 516 3076 quod
542 3020 585 3064 eat
603 3016 676 3079 fieri.
719 3016 778 3066 tid.
831 3033 929 3066 nomon
948 3016 1143 3083 iegiturepud
1163 3020 1286 3071 Plinium
1303 3020 1335 3073 h'.
1355 3024 1396 3074 11.

217 3068 326 3136 proleg.
347 3088 372 3137 p.
390 3090 466 3155 xprr.
718 3144 724 3157 υ
829 3081 1003 3157 111,7.ι.11.
1027 3086 1145 3163 etuput]
1164 3086 1289 3137 Geitium
1307 3086 1339 3138 N.
1359 3090 1393 3140 Δ.

215 3138 293 3254 „cs
319 3138 779 3261 ,icainurantur
829 3146 896 3265 :n
979 3152 1004 3199 ⁶·
1362 3174 1391 3223 v·

236 3286 285 3318 uria
310 3272 344 3319 ud
367 3274 383 3335 §
405 3277 429 3323 3.
454 3271 537 3324 citavi
562 3273 648 3323 tricus.
675 3245 779 3329 'uttam
865 3280 916 3329 Per
947 3280 1061 3396 pianum
1100 3282 1161 3335 ideo
1201 3284 1299 3354 adicer]
1346 3287 1394 3341 01.

231 3334 343 3415 ridpruu
363 3338 515 3417 111,1,311.
539 3338 619 3389 dicit:
650 3342 687 3395 Et
706 3344 779 3397 dictu
829 3343 935 3397 comm.
962 3350 1395 3413 ‚rs.rt·q.curcrmo..m

216 3401 640 3538 ’”’11’.“ἑ’.’..1.”11”.“111ῗέ
656 3418 778 3465 ''²⁰³⁹‘'
829 3413 1225 3532 ttt'tttt‘f't‘tt'tzt
1238 3420 1318 3538 '‘'i
1335 3438 1395 3538 'i'

237 3538 374 3649 ‘puumdiu
416 3506 490 3588 idem
514 3509 588 3591 vdtet
611 3515 683 3607 qhod
708 3543 779 3594 duur.
829 3546 932 3597 iectio
950 3564 1003 3613 qun
1019 3518 1202 3613 pronuntiatio
1219 3502 1394 3619 imparatior:

212 3600 245 3651 Vr
269 3609 348 3653 .not.
366 3602 399 3653 ed
420 3604 526 3656 Cornrn.
544 3607 564 3669 Ι,
583 3610 625 3673 18,
645 3612 685 3660 11.
827 3616 917 3675 0121,
936 3617 975 3663 h:
997 3614 1146 3665 Adiecit:
1165 3618 1257 3681 infinie
1276 3628 1323 3671 ert.

248 3666 276 3717 in
296 3670 407 3738 aramme]
428 3672 446 3722 i·
466 3688 489 3722 e.
509 3671 535 3722 in
555 3672 618 3725 fine.
861 3682 901 3727 tu.
942 3680 1060 3745 centron]
1091 3678 1221 3733 Fumant
1248 3684 1391 3739 unm
1485 3683 1486 3736 Ῐ

247 3734 317 3784 eneti
348 3738 571 3803 profunditatem]
607 3738 654 3790 Sic
689 3738 775 3790 etiarn
826 3742 911 3794 etiam
931 3742 958 3794 in
977 3743 1132 3797 comment.
1150 3748 1178 3798 in
1199 3749 1294 3802 Soron.
1312 3754 1391 3815 Scin.

213 3796 352 3867 Virgilius
369 3802 469 3869 Ectog.
489 3803 540 3867 tt,
558 3810 600 3855 51.
623 3814 651 3856 et
669 3806 774 3873 Georg.
826 3809 898 3859 ioci·
916 3810 1059 3876 plerisque
1076 3820 1189 3864 tuentur
1204 3817 1326 3870 codices.
1344 3820 1390 3872 Cd.

215 3864 261 3925 lt,
278 3868 339 3916 222.
358 3866 427 3919 dicit
444 3868 545 3920 curium
560 3874 729 3938 profundum.
826 3874 865 3926 ib.
885 3875 981 3940 mu,
999 3882 1025 3928 1.
1060 3879 1132 3930 thid.
1159 3882 1185 3942 i,
1204 3886 1253 3945 20,
1274 3888 1315 3935 11.
1342 3889 1390 3939 vei

247 3932 289 3981 14.
328 3940 455 3985 utuer..
472 3934 636 4005 tucidurrit]
656 3938 777 3990 iiociu-
826 3948 925 3994 eoutru
948 3944 1075 3996 codicum
1098 3963 1166 3998 mu.
1189 3952 1390 4005 auctoritatem

211 3996 303 4049 cirum
328 3999 478 4065 respondet
502 4004 660 4056 nominihus
687 4006 775 4057 tumen
826 4024 887 4059 enm
906 4010 1005 4073 acciri,
1030 4014 1102 4076 quad
1119 4015 1231 4078 quidem
1251 4034 1324 4069 nuuc
1341 4036 1390 4073 ure

212 4070 240 4114 et
263 4081 367 4131 corpur.
405 4068 519 4119 Poterat
540 4069 611 4122 dici:
639 4073 773 4123 11811υοὶ-
824 4091 877 4126 non
899 4075 1001 4127 deciana
1019 4079 1141 4129 multem.

212 4130 272 4192 dur,
293 4132 339 4199 qui
358 4134 504 4187 interiacet.
859 4148 986 4207 puunturn
1005 4179 1030 4195 ..
1046 4144 1206 4213 extenditur]
1220 4147 1240 4199 1.
1257 4165 1281 4201 e.
1298 4166 1389 4215 quen-

244 4196 338 4263 rcirru]
358 4197 475 4265 0112.
826 4211 871 4258 tua
897 4208 935 4259 eit
959 4208 1116 4263 horizontis
1138 4213 1244 4266 rudius.
1278 4215 1320 4269 De
1343 4218 1390 4271 iu·

250 4264 289 4310 ta.
339 4264 509 4332 horizontem]
548 4265 590 4319 De
629 4268 683 4319 troo
717 4268 774 4320 uid.
825 4272 1096 4328 dientirorid.not.
1116 4278 1231 4342 adso.

207 4322 363 4389 Commi,
384 4332 429 4389 111,
451 4334 480 4379 11
499 4347 574 4397 sqq„
611 4334 658 4384 uhi
685 4336 702 4397 ς
732 4338 773 4399 18,
859 4339 915 4390 uine
950 4341 1039 4407 dudio]
1076 4344 1205 4409 quonium
1242 4342 1389 4416 διάμετρος

207 4385 282 4434 idern
303 4388 329 4435 et
351 4392 486 4443 tribuitur
503 4396 635 4459 epatium.
824 4418 875 4468 per
892 4410 936 4455 eet
952 4406 1095 4473 deprimo
1113 4410 1202 4463 radio.
