2992 4867
218 210 281 275 324
696 182 908 253 Mncuossu

218 377 296 443 idern
325 371 433 438 Cicero
460 359 609 435 defendit,
642 366 675 422 et
701 355 818 421 Licinio
843 352 970 423 Crasso,
1003 343 1104 410 Crassi
1133 340 1199 405 eius
1226 333 1279 419 qui
1309 328 1392 415 apud

219 458 350 528 Parthos
366 453 518 518 extinctus
536 455 583 511 est
604 443 675 508 ulto.
1349 498 1355 509 Ι

305 542 373 607 xv.
417 536 476 601 Sed
498 535 536 597 de
557 530 716 597 saltatione
736 535 872 592 veterum
897 518 934 582 ad
957 512 1087 603 praedae
1108 506 1241 573 marinae
1260 509 1392 595 transtra

221 634 325 695 lurum
346 624 534 689 Liciniorum
556 637 604 681 me
625 635 736 679 nomen
760 604 945 676 ammonuit:
972 621 1051 687 quos
1068 597 1220 687 Murenae
1233 604 1393 671 cognoma-

172 722 344 803 {aonmatom
380 707 464 795 quod
491 706 549 769 hoe
576 702 658 786 pisce
685 698 867 764 effusissime
890 687 1029 754 delectati
1059 682 1136 756 sint,
1165 684 1237 741 sans
1266 676 1395 769 epnstat.

192 800 302 866 illum
331 792 467 881 opinioni
492 792 533 855 Μ.
556 789 655 851 Varro
678 782 831 851 consentit
851 778 994 843 adserens
1015 769 1123 835 eodem
1147 760 1239 828 modo
1261 759 1395 821 Lremros

223 885 388 984 appellatos
412 880 557 942 Murenas

584 894 646 958 quo
675 871 799 955 Sergius
828 865 924 930 Orata
954 852 1187 941 cognominatus
1217 851 1276 919 est,
1311 838 1395 938 quod

195 975 251 1039 3cr
279 971 376 1056 pisces
393 964 445 1049 qui
466 969 590 1026 auratae
610 966 758 1022 uocantur
778 946 925 1018 carissimi
948 942 1068 1009 luerint.
1115 934 1173 1000 llic
1197 938 1243 996 est
1272 928 1397 1023 Sergius

225 1060 320 1123 Orata
349 1052 401 1139 qui
431 1048 547 1135 primus
576 1044 698 1108 balneas
728 1038 858 1127 pensiles
887 1030 1010 1104 habuit,
1046 1024 1162 1111 primus
1192 1024 1338 1111 ostrearrp
1365 1030 1397 1107 ¹.¹¹

227 1142 340 1208 Baiano
362 1135 486 1210 locavit,
516 1132 632 1217 primus
652 1128 801 1214 optimum
825 1137 963 1205 saporem
985 1109 1095 1178 ostreis
1115 1101 1255 1203 Lucrinis
1279 1094 1398 1193 adrudp·

228 1227 313 1292 cavit.
355 1221 427 1287 Fuit
449 1226 552 1283 autem
573 1223 672 1279 aetate
692 1215 726 1277 L.
747 1207 848 1277 Crassi
870 1203 949 1268 illius
972 1196 1092 1274 diserti,
1114 1213 1166 1277 qur
1190 1206 1281 1274 quarn
1300 1201 1399 1268 graus

265 1482 271 1494 ἱ
297 1410 375 1477 [llas
398 1404 577 1457 ,ΙΙΙΕΡΒΙΙΙΙ

299 1495 350 1543 xt'.
391 1493 477 1557 Caput
500 1488 557 1537 ΙΨ.
582 1485 648 1549 (p-ls

678 1484 733 1533 Lib.
762 1482 798 1529 ll.
826 1480 890 1543 Cap.
912 1474 973 1531 Xl.)
1007 1468 1113 1533 Quanta
1140 1462 1166 1511 in
1192 1458 1277 1527 prelia
1298 1450 1401 1516 suerint

228 1564 299 1630 npml
317 1562 399 1627 paulo
414 1557 568 1607 uetsrstiores
591 1555 722 1602 Romanos
737 1552 830 1615 pisces,
847 1554 871 1596 ct
887 1540 1043 1610 pracsertim
1063 1544 1202 1583 muraena.
1219 1524 1297 1575 ela-la.
1334 1521 1399 1584 Cap.

234 1635 248 1679 l
260 1631 301 1679 ΙΙΙ
339 1628 484 1677 Nonnullae
501 1641 531 1673 es
548 1622 663 1688 piscibus
681 1618 793 1670 traxisse
813 1610 970 1680 cognomina
988 1606 1025 1655 ri.

1134 1602 1156 1647 1.
1190 1590 1315 1645 delectati
1331 1594 1401 1638 sunt

229 1696 429 1747 dedtllra.
458 1691 554 1757 „Lege
571 1692 632 1739 sint.
660 1683 841 1737 danastrum
861 1676 988 1742 sequitur
1005 1669 1074 1738 quad
1146 1657 1376 1729 suerint.“Zean.

234 1866 267 1913 iu
292 1862 387 1913 illam
411 1876 474 1909 ress
497 1874 546 1925 pra
572 1871 668 1906 eausa
691 1852 790 1901 illius

230 1932 321 1981 rei...
353 1926 511 1979 Sulrrstiuss
531 1962 555 1975 ..
577 1922 687 1974 Etruria
707 1919 790 1970 amnis

231 2015 288 2048 rum
309 1996 409 2062 Lepida
433 2000 585 2060 suspecta
609 1991 643 2039 in
669 1986 789 2038 tumul·

232 2076 294 2116 tum
314 2071 385 2124 erat,
412 2060 468 2112 nisi
487 2062 575 2110 rasuris
593 2060 621 2107 in
639 2057 730 2107 turbas
747 2053 790 2102 in-

233 2133 366 2198 telligere
383 2146 466 2180 sensu
488 2136 628 2183 rtrsnsreto,
650 2138 730 2188 qraeru
748 2120 791 2169 di-

232 2201 337 2259 eiusus,
368 2205 398 2248 ut
422 2197 510 2263 possit
535 2193 655 2245 erssrlerri
678 2190 737 2238 liic.
756 2186 790 2237 ad

234 2270 287 2319 Ars.
309 2267 362 2327 ΙΙΙ,
380 2272 412 2327 5,
430 2270 455 2313 ⁸2.
480 2265 549 2314 dies
568 2298 592 2312 ..
616 2262 647 2311 in
670 2259 794 2324 usrlgns

232 2345 319 2394 natus,
330 2333 448 2395 similia,
460 2348 532 2398 qaue
549 2326 692 2395 rssrrgessit
704 2323 794 2374 llunrl.

234 2403 359 2453 Tarraell.
375 2400 434 2456 ul,
445 2418 470 2464 p.
489 2402 549 2448 ³3³.
569 2398 609 2447 lle
627 2393 716 2444 Caaelii
736 2407 796 2441 raro·

236 2472 314 2520 rilsus
334 2470 388 2519 sid.
405 2468 464 2517 Gie.
483 2465 562 2516 lirrst.
580 2470 622 2524 19,
638 2467 714 2512 ms
735 2458 797 2522 Qui,

235 2538 363 2605 quamdiu
399 2534 555 2585 auctoritati
587 2547 662 2582 meae
693 2527 796 2596 paruit,

236 2607 300 2656 talis
322 2605 442 2654 tribunus
463 2601 547 2666 plebis
565 2600 639 2662 fnit,
669 2605 697 2647 ut
721 2610 797 2645 nemo

236 2678 328 2720 contra
353 2670 449 2719 ciuium
472 2669 634 2731 perditarum
656 2661 797 2730 papula-

237 2753 299 2787 rem
339 2733 629 2795 turbulentamque
670 2732 797 2778 demea-

239 2805 317 2854 tiam
336 2817 354 2849 a
377 2806 471 2848 senatu
493 2805 517 2847 el
537 2817 553 2846 n
575 2802 698 2846 bonarum
717 2809 799 2843 causa

239 2868 338 2919 steterit
355 2866 524 2915 constantius.
539 2897 563 2912 ..
586 2864 634 2913 llic
652 2878 708 2910 rrrm
728 2876 800 2908 sunr-

239 2952 284 2985 mn
307 2934 442 2982 voluntate
460 2933 582 2980 banorum
602 2930 698 2979 aedilis
720 2943 800 2975 carru-

241 3004 275 3051 lis
304 3002 399 3063 sactus
432 3006 512 3057 essct,
549 2999 637 3045 neseio
671 2993 801 3061 quamodo

242 3070 356 3117 dissensu
380 3081 436 3114 mea
454 3064 571 3114 discessit
594 3081 611 3111 a
635 3078 703 3120 sese,
733 3061 798 3109 ceci-

243 3137 334 3200 ditque
375 3139 546 3197 posteaquam
590 3146 641 3180 eas
677 3127 803 3178 imitari

243 3202 349 3266 caepit
379 3216 458 3264 qaas
485 3201 556 3265 ipse
581 3202 803 3262 perverterat.

243 3269 283 3319 Ex
309 3266 436 3317 oratione
460 3283 484 3332 p.
507 3265 621 3323 Caelio,
648 3268 678 3323 b,
706 3266 801 3327 baqq.

244 3335 371 3401 intelligi
396 3340 504 3401 potest,
530 3348 601 3399 quas
621 3331 691 3383 vitiu
708 3331 734 3381 ei
754 3330 803 3378 cils-

244 3401 421 3471 iurgsrerint
447 3400 612 3452 adversarii.
655 3400 805 3449 Praeterea

245 3472 318 3523 enni.
338 3471 408 3521 l'ell.
430 3470 471 3529 ll,
488 3474 545 3519 68:
564 3470 593 3519 ln
609 3474 736 3534 praetura
756 3483 804 3516 no·

159 3586 164 3593 ,
245 3557 339 3592 aarum
362 3539 511 3590 tabularum
533 3546 627 3588 asartnr
648 3536 750 3586 extitit.-
778 3533 806 3583 ia

247 3610 310 3659 urbe
332 3607 541 3666 seditionem,
569 3614 597 3655 at
619 3605 647 3653 in
665 3603 742 3668 agris
761 3618 805 3650 ac-

840 1842 930 1913 gorsit
957 1832 1113 1889 Freundius
1142 1830 1170 1880 in
1203 1824 1294 1877 lesien
1324 1838 1348 1873 s.
1375 1836 1402 1870 v.

840 1914 978 1964 admoneo.

877 1980 1003 2030 Murenas

843 2048 876 2099 u.
894 2046 928 2094 n.
947 2042 1005 2102 ru,

841 2119 865 2165 s.
885 2114 957 2163 eru.
973 2107 1006 2157 u.
1024 2104 1059 2154 u.
1078 2102 1126 2164 rx,
1144 2100 1187 2149 aa.
1206 2114 1228 2145 .
1245 2098 1289 2143 ao.

875 2184 901 2230 2.
940 2174 1051 2242 Sergius
1079 2166 1176 2231 Orata]
1204 2164 1247 2213 Gi.
1273 2161 1351 2210 Varr.
1377 2162 1408 2205 et

843 2248 951 2299 coloni.
975 2246 1004 2293 ll.
1033 2255 1073 2289 ee.
1109 2234 1182 2285 l’lin.
1206 2229 1275 2281 ibid.
1302 2244 1326 2277 ι.
1350 2226 1406 2286 79.)

845 2318 903 2367 val.
922 2314 995 2364 blan.
1015 2307 1069 2367 Ill,
1091 2308 1112 2365 t,
1133 2306 1156 2351 l.
1192 2296 1271 2380 bpud
1289 2293 1350 2345 cta.
1371 2291 1407 2341 sle

846 2402 894 2502 iiii
919 2419 1003 2498 Orbata
1022 2412 1060 2493 ’de
1078 2440 1144 2490 finn.
1165 2436 1271 2498 llffl,
1372 2426 1387 2476 d

847 2519 894 2571 oii'.
915 2516 965 2577 ill,
989 2516 1028 2575 16,
1045 2514 1087 2559 (it.
1114 2504 1157 2555 ci.
1178 2502 1278 2552 Fertne
1295 2498 1314 2549 Ι.
1399 2530 1408 2552 ,

849 2606 875 2655 p.
894 2589 947 2634 ΙΒἏ
965 2578 1080 2631 bineli:
1101 2574 1205 2625 Orata
1225 2582 1311 2638 genus
1327 2562 1410 2629 piscis

848 2654 1037 2721 appellatura
1056 2644 1140 2693 calore
1164 2638 1238 2697 auri,
1269 2635 1340 2703 pund
1361 2646 1410 2679 ru-

849 2722 909 2773 stici
936 2732 1025 2768 arum
1051 2711 1186 2772 dicebant,
1218 2712 1246 2756 ut
1274 2697 1412 2752 auriculas

849 2786 982 2839 oriculas:
1025 2782 1115 2846 itaque
1148 2774 1273 2842 Sergium
1310 2779 1414 2834 quoque

850 2855 980 2921 parandam
997 2846 1188 2914 praedivitem,
1212 2838 1282 2907 quad
1300 2844 1325 2886 et
1343 2833 1413 2883 dua-

850 2926 898 2971 bus
917 2917 1006 2969 anulis
1026 2914 1115 2964 aureis
1141 2919 1165 2960 et
1184 2904 1335 2977 grandibus
1352 2909 1414 2951 ute-

850 2996 931 3049 retur,
952 2985 1091 3035 Oratam
1109 2979 1201 3029 dieunt
1216 2989 1270 3026 esse
1288 2969 1413 3038 appella-

851 3065 915 3106 tum.

886 3121 931 3187 qni
963 3122 1075 3167 auratae
1107 3108 1244 3175 vorantur]
1277 3100 1417 3168 „Graecis

853 3188 958 3239 dieitur
980 3176 1153 3251 χρύσοφρυς,
1181 3176 1253 3245 quiid
1281 3175 1343 3224 loro
1367 3184 1418 3220 sn-

853 3254 1034 3324 pereilioruru
1057 3263 1142 3299 aureo
1171 3246 1265 3295 acriore
1289 3239 1418 3306 resplen-

854 3327 916 3385 det3
962 3318 1091 3386 Ephesiis
1128 3322 1199 3365 testa
1234 3309 1420 3361 Arelrestrate

854 3369 1420 3518 slltlttuautlltitillet-,ll

857 3530 976 3578 Arinates
1003 3529 1096 3573 aratam
1126 3518 1153 3567 in
1185 3512 1299 3565 deliciis
1328 3511 1420 3561 inisse

856 3593 1008 3654 veteribus,
1025 3586 1153 3653 inprimis
1168 3580 1312 3649 Ephesiis,
1333 3578 1423 3629 tradit

856 3658 1170 3715 sacrosanctissima*
1189 3652 1266 3701 Zeus
1293 3674 1327 3685 -
1345 3646 1423 3697 llar-

859 3732 960 3783 duinus
977 3728 1010 3777 nd
1029 3724 1100 3775 l'lin.
1119 3720 1197 3773 Ml.
1213 3716 1262 3779 lx,
1280 3720 1321 3765 16.
1339 3730 1364 3765 s.
1376 3716 1421 3763 Ob.

859 3814 921 3848 cum
969 3801 1067 3845 aurata
1108 3788 1217 3838 coniert
1256 3777 1424 3849 χρύσοφρυν

858 3863 968 3916 Aeliani
988 3862 1023 3911 ll.
1041 3858 1073 3909 Α.
1086 3856 1216 3913 xillae.
1242 3854 1324 3903 hane
1342 3865 1423 3899 eons-

860 3936 995 3983 rncmornt
1014 3928 1099 3978 etiarn
1117 3924 1277 3974 Athenaeus
1294 3916 1363 3980 vn,
1378 3920 1425 3967 20.

859 4016 886 4066 p.
906 3999 958 4047 284
972 4012 996 4045 e.

892 4067 918 4113 8.
953 4062 1062 4113 balneas
1078 4056 1201 4125 pensiles]
1224 4051 1337 4105 Plinius
1356 4052 1379 4101 Ι.
1400 4066 1426 4101 a.

859 4132 897 4195 (s.
926 4135 983 4190 79.)
1020 4127 1106 4177 habet
1132 4125 1248 4192 pensiles
1279 4120 1428 4180 balineas,

861 4197 920 4248 Vol.
937 4197 1011 4246 blas-
1030 4194 1048 4245 l.
1068 4211 1091 4243 e.
1107 4193 1234 4259 pensilia
1252 4189 1359 4240 balnea.

247 3678 316 3726 eulte
347 3675 501 3724 bellicum
539 3672 716 3723 tumultum
747 3684 804 3717 ma-

247 3760 326 3800 nens,-
345 3780 370 3790 ..
392 3742 461 3791 cirre
483 3740 594 3790 'l'bnrias
614 3753 753 3854 oppressus
770 3741 808 3785 eat

248 3811 301 3869 (ll.
318 3807 461 3872 (laelius);
490 3814 519 3857 st
537 3808 624 3857 llenl-
647 3821 691 3853 ane
725 3803 761 3854 ΙΙ.
781 3818 806 3866 ρ,

249 3882 299 3926 411
317 3892 357 3940 sq.
394 3876 434 3925 lle
453 3874 604 3926 saltatione
623 3872 696 3922 ailril
720 3869 809 3920 tradi-

251 3952 309 3994 tum
327 3948 379 3993 est⁴

289 4011 390 4060 bicinis
421 4004 525 4071 Crasso]
559 4004 651 4055 Huius
684 4000 807 4052 saltandi

251 4095 296 4130 ers
313 4092 346 4127 ex
365 4078 418 4125 lroe
435 4076 496 4140 ipso
515 4076 576 4123 lora
592 4074 708 4123 docetor
722 4069 807 4119 Resi-

253 4147 318 4196 Ene.
336 4144 381 4192 ΙΙ.
400 4159 426 4208 p.
445 4144 519 4191 1069.

286 4212 348 4275 XV,
379 4215 401 4259 1.
448 4208 567 4275 praedae
595 4202 727 4266 marinae]
767 4198 810 4249 Gi.

252 4280 345 4330 Plaut.
370 4276 442 4326 llud.
462 4274 604 4338 tv,2‚4.
639 4266 810 4322 oviantes.
894 4262 1033 4329 arccana]
1047 4260 1157 4312 Plinius
1172 4260 1192 4309 l.
1207 4276 1241 4325 e.‚
1257 4255 1331 4307 unde
1350 4254 1430 4306 isaer.

252 4346 330 4407 lllll‚
346 4346 405 4393 936.
861 4338 889 4382 et
907 4331 1031 4397 praxinus
1049 4327 1195 4393 sequentia
1215 4332 1328 4391 sumpta
1346 4328 1430 4381 sunt,

286 4410 444 4459 transire..
470 4419 511 4454 ms
536 4401 692 4466 ammonuit]
717 4399 811 4450 Huius
860 4399 946 4451 habet
960 4407 1105 4451 ostrearum
1121 4394 1235 4445 vinaria.
1253 4392 1322 4443 l'ide
1337 4390 1429 4441 etiam

151 4508 156 4519 .
253 4471 470 4522 constructionis
487 4467 616 4532 exempla
636 4484 652 4517 e
674 4466 765 4532 poetis
784 4473 812 4516 et
862 4466 922 4517 t’sl.
943 4466 1017 4517 Max.
1036 4465 1052 4515 Ι.
1073 4479 1097 4511 e.

253 4542 411 4605 drsgnsteae
427 4532 531 4598 astatis
549 4533 734 4598 scriptoribus
746 4548 813 4583 ran·
896 4541 984 4587 aelata
999 4532 1027 4583 h.
1041 4528 1130 4583 statui
1141 4529 1217 4579 illias
1230 4524 1333 4593 diserte]
1347 4525 1431 4576 Ptin.
