2992 4867
247 68 609 139 SATURNALIORUM
634 69 713 135 ΜΒ.
736 70 807 135 Vll.
835 69 928 137 CAP.
955 71 994 134 V.
1015 70 1071 135 Vl.
1179 72 1244 138 589

74 248 120 304 tas
140 239 300 303 observata
321 259 384 301 non
401 236 527 313 sauciet,
544 236 552 300 i
576 256 610 299 se
629 242 731 300 tamen
752 234 843 300 luxus
861 256 982 301 morum
999 235 1041 301 sit
1056 236 1295 327 aegritudopmp

74 324 130 389 llis
160 322 365 387 favorabiliter
390 321 524 405 exceptis
544 256 700 384 lhisarius:
726 318 903 385 obsecutus
921 339 971 397 cs,
997 319 1110 405 inquit,
1130 322 1294 394 Edeta-33

74 408 128 485 tbi,
149 406 334 485 dialecticae,
357 426 413 491 ego
434 404 611 470 medicinae.
652 404 716 483 Qui
736 405 819 469 volet
840 404 951 489 eligere
974 406 1131 489 sequenda
1152 426 1243 474 usum

75 492 223 570 consulat,
243 502 274 557 et
295 490 370 577 quid
390 490 430 555 sit
449 490 555 554 utilius
577 488 699 554 sanitati
721 508 758 552 ex
815 488 906 553 ’eaba
927 488 1058 554 docebit.

161 578 213 640 Vl.
252 577 330 641 Post
353 576 429 640 haee
455 574 632 641 Flavianus:
668 574 711 637 Et
740 508 824 637 ahin]
841 572 965 659 quidem
996 574 1132 638 medicos
1162 574 1272 642 idernl

74 662 209 726 dicentes
239 680 359 759 semper
384 657 500 736 audivi,
531 659 633 724 vinum
664 658 743 721 inter
770 658 867 722 calida
896 658 1100 736 censendum,
1134 660 1187 723 sed
1214 666 1246 725 et

75 766 156 811 nunc
172 746 363 822 Eustatbrus,
376 764 454 808 cum
476 762 584 809 causes
604 741 761 808 ebrietatis
779 742 950 825 attingeret,
969 743 1164 828 praedicabat
1182 744 1245 809 rici

74 832 215 895 calorem.
259 830 338 895 Mihi
363 836 464 893 autem
493 848 585 914 saepe
610 826 669 891 hoo
694 846 815 891 meeum
841 826 993 912 reputanti
1020 828 1084 893 risa
1111 837 1159 893 est
1182 830 1245 896 viui

74 925 184 981 natura
203 914 305 999 lrigori
328 914 454 1000 propior
473 932 565 998 quam
590 912 699 977 calori:
726 912 811 976 etin
833 912 967 977 medium
988 912 1110 997 prolero
1132 914 1245 999 quihus

74 1000 111 1063 ad
134 1000 193 1063 boc
213 999 434 1065 aestimandum
457 997 575 1074 trahor,
606 1004 643 1061 ut
667 1004 801 1061 restrum
824 996 865 1062 sit
885 996 925 1060 de
948 1016 1015 1061 mea
1036 998 1245 1063 aestimatione

76 1083 233 1149 iudicium.
277 1084 408 1160 Vinum,
439 1089 588 1167 quantum
610 1100 678 1145 mea
700 1078 759 1144 lert
778 1081 899 1167 opinio,
932 1082 1012 1147 sieut
1033 1090 1143 1148 natura
1162 1083 1275 1169 frigi-2

75 1169 147 1233 dum
169 1175 224 1245 est,
245 1168 286 1232 ita
309 1189 343 1233 oa
365 1188 403 1232 ox
424 1167 470 1231 vel
492 1167 584 1230 etiam
606 1166 752 1251 adpetens
773 1166 948 1243 litomeris,
970 1186 1041 1231 eum
1059 1168 1163 1234 calidis
1180 1168 1244 1234 lue·

75 1254 115 1318 rit
138 1253 306 1318 admotum.
378 1272 426 1316 arn
449 1259 479 1315 et
502 1250 614 1315 lenum
632 1270 702 1314 cum
724 1257 811 1314 tactu
829 1250 870 1314 sit
887 1249 1042 1333 frigidum,
1079 1313 1084 1319 .

380 1372 419 1383 -
438 1330 569 1418 ψυχρὸν
590 1329 619 1399 d’
644 1332 695 1399 iis
714 1331 836 1417 χαλκὸν
857 1330 1004 1415 ὀδοῦσιν,

75 1422 100 1486 si
123 1428 224 1485 tamen
248 1419 343 1485 solem
388 1420 543 1497 ertulerit,
574 1418 770 1495 concalescit,
807 1426 838 1485 et
860 1419 943 1485 calor
967 1421 1083 1486 advena
1106 1422 1244 1487 nativum

75 1503 170 1589 lrigus
192 1505 322 1591 expellit.
364 1442 433 1571 hoe
454 1512 557 1568 utrum
581 1504 624 1569 ita
652 1522 717 1568 esse
735 1502 815 1577 ratio
840 1504 1022 1589 persuadeat
1041 1506 1243 1590 requiramus.

76 1590 190 1655 Vinum
217 1597 272 1654 aut
292 1596 368 1675 potu
385 1588 582 1654 interioribus
606 1589 800 1668 conciliatur,
822 1597 877 1653 aut
899 1588 978 1667 totu,
997 1598 1033 1655 ut
1053 1590 1274 1676 superficiem3

76 1682 172 1751 curet,
193 1674 364 1739 adhibetur.
407 1674 484 1739 Cum
504 1671 674 1738 infunditur
693 1673 767 1750 euti,
789 1674 864 1758 quin
881 1673 1024 1758 trigidum
1042 1675 1084 1739 sit
1104 1696 1161 1740 nee
1180 1694 1244 1740 me·

76 1759 136 1824 diei
158 1759 269 1824 inlitias
291 1766 381 1824 eunt:
407 1758 538 1824 calidum
560 1765 664 1823 manen
688 1757 719 1821 in
739 1757 936 1824 interioribus
957 1759 1149 1845 praedicant,
1173 1780 1244 1825 cum

76 1864 139 1910 non
158 1844 218 1907 tale
240 1844 416 1922 descendat,
443 1843 497 1909 sed
519 1842 688 1921 admixtum
713 1842 819 1907 calidis
845 1844 1042 1910 concalescat.
1088 1845 1181 1911 Certe
1196 1847 1274 1910 rel

76 1928 248 2015 spondeant
273 1929 359 2008 volo,
393 1946 449 1994 eur
481 1926 640 1995 stomacho
670 1928 702 1991 in
730 1927 941 1995 lassitudinem
967 1930 1159 2016 degeneranti
1186 1932 1296 2018 adpmp

872 2099 943 2151 ΕΗ.
960 2100 1177 2167 vleshgspdsh.]
1233 2162 1236 2167 ¹

76 2184 153 2249 (sup.
169 2180 232 2233 add.
248 2186 289 2241 es)
307 2181 340 2232 Α.
359 2206 391 2220 -
410 2196 443 2233 er
473 2180 650 2233 ceredieinas
667 2183 711 2234 ds.
741 2181 773 2232 la
792 2182 842 2249 apd
860 2180 927 2233 hoie
946 2181 1031 2248 ospiti
1050 2182 1092 2243 (in
1110 2186 1158 2250 spi
1179 2201 1247 2235 uou-

76 2248 131 2303 ulsl
148 2256 285 2301 commate
300 2247 406 2314 posita)
423 2264 456 2298 su
479 2246 613 2301 iicluntur
629 2255 687 2300 tres
706 2248 844 2309 asterisci,
862 2249 940 2315 qussi
959 2250 1065 2315 aliquid
1084 2250 1231 2302 exciderit.

144 2316 189 2367 Vl.
228 2317 315 2383 Caput
338 2316 384 2367 Vl.
418 2316 513 2367 Vinum
534 2324 633 2368 natura
648 2316 783 2384 frigidu-
802 2317 892 2385 patius
909 2316 996 2368 sideri
1014 2333 1092 2383 psam
1115 2318 1247 2369 satidana

75 2392 102 2437 et
119 2400 165 2436 ess·
182 2398 244 2434 rara
259 2382 391 2447 feminae,
412 2396 486 2433 senes
501 2383 552 2434 cite
569 2383 737 2436 inebrientur.
761 2382 840 2434 ela-b.
943 2386 967 2433 l.
1000 2384 1196 2436 Flauinianus
1211 2384 1247 2437 li.

78 2479 109 2489 -
135 2447 401 2515 nuae10l.e.is‚§
420 2450 459 2499 tr.
480 2474 513 2488 -
531 2448 579 2501 lroe
594 2466 673 2518 saepe
693 2447 762 2501 aad.
779 2448 809 2500 S.
830 2478 855 2488 -
880 2450 1014 2518 proprior
1031 2450 1063 2500 Ρ.
1081 2478 1115 2488 -
1139 2451 1246 2503 eristi·

76 2518 201 2569 mundun
218 2517 263 2569 ab.
288 2514 477 2567 estimandum
495 2514 592 2582 along.
609 2543 641 2555 -
659 2516 867 2570 existimatione
883 2518 930 2569 sb.
959 2518 1248 2587 extimationeviehg.

177 2587 206 2633 2.-
231 2584 327 2663 caloris
338 2583 375 2648 fit
395 2596 455 2647 v-g.
492 2590 538 2635 est
559 2584 655 2653 calaris
673 2585 754 2636 a-bl’.
781 2608 817 2622 ·-
841 2578 961 2699 ψυχρὸνλ
980 2583 1091 2634 Homer.
1110 2584 1145 2635 ll.
1165 2580 1187 2651 ἐ,
1203 2590 1246 2637 lb.

75 2648 226 2769 treta
245 2644 358 2765 tta
383 2644 918 2785 aet.:.1tt²naa:.;,.aa
937 2686 969 2777 .;
990 2645 1247 2783 rastas

76 2786 163 2853 quad
180 2790 228 2837 ast
252 2799 311 2849 c-g.
339 2807 373 2820 -
402 2790 450 2835 ast
462 2786 526 2847 fotu
543 2790 591 2835 aut
607 2794 672 2851 posu
690 2786 858 2837 interioribus
874 2784 1031 2835 conciliatur
1057 2800 1083 2835 r.
1112 2814 1147 2827 -
1174 2794 1248 2839 earet

76 2869 129 2904 om.
148 2850 177 2903 S.
206 2876 241 2887 -
268 2850 447 2915 inferioribus
465 2850 499 2901 ll.
528 2878 559 2890 -
586 2851 738 2905 distendat
759 2852 789 2905 S.
820 2878 854 2891 -
884 2851 1037 2904 admistum
1056 2866 1116 2919 r-g.
1218 2854 1245 2905 4.

75 3017 123 3053 cos
137 2998 232 3051 deinde
248 3005 485 3065 transcensurum
499 3000 636 3068 profunda
686 2998 797 3053 dicator
814 3002 918 3053 aduena
937 3002 982 3053 vel
1002 3002 1116 3056 animal.
1152 3001 1195 3054 cl.
1222 3020 1246 3055 e·

75 3072 101 3121 et
135 3066 297 3117 insatiabilia
329 3067 399 3135 gula
433 3066 493 3119 bine
528 3068 635 3119 maria
685 3072 712 3131 8,
731 3072 748 3133 5
768 3072 809 3119 15.
826 3066 983 3122 udoeua'n
1003 3086 1107 3122 sensum
1119 3072 1247 3139 frigoris,

75 3140 264 3195 serutatur,
290 3132 350 3184 ltine
367 3141 485 3186 terras.-
508 3134 566 3185 ulia
583 3134 634 3185 ha·
686 3142 714 3187 et
732 3152 757 3186 e.
780 3136 853 3202 lm
875 3140 915 3186 12.
937 3152 984 3186 aer
1007 3138 1152 3195 aduena,
1180 3142 1209 3187 et
1232 3138 1246 3201 §

75 3201 139 3267 mis,
166 3200 223 3251 ulia
242 3200 344 3268 laqueis
361 3202 418 3252 alio
438 3204 533 3253 retium
551 3202 636 3251 variis
685 3206 727 3253 Μ.
761 3202 794 3253 de
826 3202 972 3253 advenis
1000 3204 1090 3254 undis.
1141 3201 1183 3254 lle
1216 3216 1246 3252 re

75 3268 216 3337 generibus
233 3284 292 3319 eum
311 3284 412 3336 magno
433 3268 522 3319 tabere
542 3283 634 3332 perse·
686 3268 759 3321 conl.
778 3267 808 3318 0.
823 3266 861 3331 ll,
880 3272 921 3329 1⁵,
937 3274 953 3319 't
968 3283 1010 3333 aq.

75 3336 179 3401 quitur:
194 3335 277 3385 nullis
293 3334 453 3385 animalibus
469 3332 522 3384 nisi
541 3348 572 3383 es
586 3336 635 3413 l⁰'
720 3342 809 3385 utrum
827 3370 852 3385 ..
872 3334 942 3386 ratio
958 3333 1130 3403 persuadeat]
1156 3331 1201 3385 ct.
1221 3350 1246 3385 e.

75 3402 156 3452 stidio
174 3417 229 3466 pas
246 3406 294 3452 est·
308 3433 333 3450 ..
353 3399 517 3464 Quantulum
533 3414 564 3449 es
582 3406 635 3449 esta
686 3401 711 3451 4.
730 3400 754 3467 5.
770 3404 796 3450 s.

71 3467 152 3530 sera
174 3466 363 3532 periculose
386 3473 487 3530 capta
514 3464 636 3516 dominus
720 3484 744 3532 3·
780 3480 949 3534 &mnam
974 3466 1141 3549 cmm]
1176 3482 1196 3535 j,
1221 3499 1247 3535 θ,

76 3531 173 3583 “¹¹³¹ss
188 3548 221 3582 ⁰⁰
233 3546 367 3583 ”amm
378 3529 492 3646 ffl'lfll?
516 3538 635 3597 ‘imm'
685 3546 720 3599 sd
739 3546 877 3601 intes-lars
894 3549 1017 3600 conada
1035 3548 1194 3601 adhibetur.

75 3599 231 3719 latit
245 3596 396 3783 fii-hl..
414 3596 635 3715 biblii?
718 3638 748 3683 ν·
765 3632 928 3697 name„
949 3629 1032 3697 mu]
1056 3630 1075 3684 ἰ·
1092 3648 1116 3684 ο.
1142 3633 1177 3684 u
1196 3648 1247 3685 ee

74 3732 229 3860 iffifihh's'
243 3728 566 3865 rihtuffgsrhhn'ef'nh
583 3730 634 3848 iii
685 3697 1132 3831 {fflegaeugsstflc'hlesshlf
1150 3704 1245 3835 m

74 3864 135 3919 rua
149 3873 247 3917 natura
263 3864 545 3917 damnosissimum
558 3880 634 3917 sen·
684 3830 852 3929 mdiu·
863 3832 968 3931 {leiim
985 3848 1094 3884 “fm-
1206 3914 1215 3929 ο

75 3934 122 3987 tri
139 3948 227 3984 reare
242 3938 280 3985 est
297 3936 349 3983 eet.
717 3930 765 3965 nee
781 3914 876 3965 nedses
889 3917 993 3981 infitias
1008 3914 1081 3983 eunt]
1103 3914 1146 3965 cl.
1169 3914 1243 3967 le.

108 4003 150 4050 3³.
187 3998 238 4049 His
248 3996 433 4062 favorabiliter
452 3994 574 4063 exceptis]
590 3993 647 4061 (ll.¹
684 3978 716 4031 Ν·
739 3980 776 4031 fl·
803 3980 882 4045 W,
903 3987 928 4032 ⁶·
949 4000 971 4034 ⁸·
990 3988 1017 4065 ⁷2
1050 3984 1118 4033 Vino
1143 3988 1245 4062 ''lm'‘

76 4084 100 4119 a.
112 4070 137 4117 3.
154 4067 171 4129 ς
186 4068 210 4115 1.
228 4065 302 4117 Hm
319 4066 446 4119 aiamim
458 4066 541 4127 sapor
558 4079 633 4115 προ.
684 4055 722 4100 est
739 4048 836 4099 busan
855 4050 1015 4101 ascendendi
1036 4050 1124 4101 estare
1143 4065 1246 4100 osseam

73 4134 255 4203 paramum,
684 4114 785 4197 intus,⁴
817 4116 909 4180 soris
944 4117 1060 4180 intuso
1096 4116 1244 4186 refrige-

110 4200 154 4265 vt,
173 4202 198 4250 2.
234 4200 257 4249 si
275 4194 372 4261 tamen]
399 4192 554 4249 Dicendum
573 4198 635 4249 erat
683 4183 792 4233 *Μὴ

74 4276 172 4329 tamen,
190 4266 222 4317 si.
705 4262 926 4383 'descendatplch
944 4268 961 4330 ς
979 4268 1004 4318 a.
1024 4264 1244 4318 descenditis

108 4332 225 4399 aduena]
252 4345 322 4383 nove
345 4327 428 4381 modo
453 4326 575 4381 retertur
599 4328 633 4383 ad
684 4346 793 4396 oisemo,
808 4335 837 4383 et
882 4332 1054 4401 oretltpeu.
1070 4336 1098 4397 ²,
1113 4334 1156 4383 58.
1173 4333 1243 4398 Afra

75 4414 149 4464 resa,
173 4414 258 4467 quum
274 4396 387 4465 proprie
402 4410 457 4451 nou
475 4395 531 4451 nial
548 4396 633 4452 lsamo
684 4398 743 4452 anis
759 4399 941 4455 descendat
957 4401 987 4454 is
1001 4407 1118 4456 mtre-
1134 4414 1228 4453 nesam
