2992 4867
272 94 636 165 SATURNALIORUM
655 96 733 163 uu.
756 96 825 163 vlt
852 96 944 165 cst.
966 99 1036 163 XV.
1176 98 1242 167 bbb

66 270 196 351 poneret
217 262 276 328 nisi
298 262 382 347 qood
404 264 536 328 salutm
555 272 635 329 esset
655 264 787 330 animali.
827 264 964 342 Deinde,
989 284 1059 329 oum
1081 266 1189 363 pulmo
1210 268 1272 347 eru

66 350 185 415 solidus
203 356 235 413 et
255 348 401 433 levigatus
422 348 470 425 sit,
491 348 515 412 si
537 349 610 433 quid
631 349 762 433 spissum
783 349 815 412 in
837 350 938 435 ipsum
959 349 1116 428 deciderit,
1133 372 1241 435 quem·

66 434 234 499 admodum
267 442 406 518 penetrat
433 440 487 497 aut
518 434 682 497 transmitti
709 432 710 435 ’
737 442 817 499 otest
848 435 886 499 ed
923 435 1025 499 locum
1054 436 1242 518 digestionis,

67 540 138 584 cum
160 526 292 595 constet,
329 518 353 581 si
375 516 499 601 quaudo
520 538 592 582 casu
614 454 735 601 aliquisl
755 518 847 603 paulo
867 518 991 583 densius
1013 519 1044 583 in
1064 520 1241 605 pulmonem
1341 588 1344 591 ,

68 603 212 669 violantia
230 602 354 686 spiritus
372 601 512 666 tredento
530 601 683 679 deciderit,
701 622 773 667 mox
793 604 878 667 nasci
897 603 1005 668 tussim
1025 604 1116 669 nimis
1134 623 1292 690 aspie-{aul
1360 607 1364 614 ’

66 708 132 753 rum
156 696 187 751 et
205 686 278 751 alies
299 686 509 773 quassationes
530 707 628 772 usque
648 688 685 751 ed
704 687 894 753 vexationem
911 688 1041 753 selutis‘i
1086 689 1118 755 Si
1136 698 1239 754 eutem
1254 692 1293 756 ro

67 772 214 837 naturalis
235 772 281 836 via
303 781 410 855 potum
434 771 463 834 in
488 772 663 855 pulmonem
685 772 828 848 traheret,
844 794 914 838 oum
936 774 1073 857 'polenta
1095 774 1244 839 bibuntur

67 856 116 923 vel
132 877 217 921 -eum
244 855 384 920 hauritur
413 865 505 941 potus
532 857 684 921 admixtus
714 856 816 940 granis
845 878 900 921 seu
928 858 1144 943 surculique
1168 859 1242 923 dcu-

68 941 159 1019 siore,
178 940 252 1025 quid
276 940 323 1004 his
345 941 474 1024 sumptis
497 942 601 1027 pulmo
619 942 795 1027 peteretur?
838 942 927 1008 Unde
946 940 1132 1026 ἐπιγλωττὶς
1152 965 1170 1008 a
1188 965 1242 1007 ns·
1254 943 1290 1006 ll

68 1034 139 1090 tura
158 1025 279 1111 provisa
303 1034 365 1101 est,
397 1044 488 1109 quae,
518 1047 587 1089 cum
608 1026 695 1091 cibus
715 1026 863 1103 sumitur,
890 1027 1080 1111 operimento
1104 1028 1143 1092 sit
1162 1037 1242 1093 erte·

68 1111 142 1186 rice,
167 1130 206 1175 ne
228 1110 302 1193 quid
324 1130 379 1193 per
402 1110 497 1195 ipsam
521 1110 551 1173 in
576 1110 749 1194 pulmonem
774 1112 882 1195 spiritu
903 1114 1014 1197 passim
1040 1112 1179 1177 trahente
1201 1114 1243 1178 la·

68 1196 169 1259 hatur.
213 1194 300 1259 Sicut
326 1204 449 1259 etcum
479 1216 579 1259 sermo
607 1195 793 1261 emittendus
821 1204 884 1272 est,
917 1196 1080 1262 inclinetur
1108 1198 1146 1261 ad
1169 1220 1189 1263 o
1211 1220 1242 1262 o-

70 1279 205 1343 riendem
230 1274 379 1343 stomachi
403 1280 498 1356 viem,
526 1286 572 1344 ut·
585 1274 745 1363 ἀρτηρίαν
765 1280 834 1344 voci
854 1288 957 1363 patere
978 1282 1142 1366 permittet
1185 1220 1295 1348 husu

69 1373 102 1428 et
128 1364 186 1429 hoc
215 1364 254 1427 de
287 1364 471 1449 experientia
501 1373 607 1429 uotum
641 1366 724 1448 quod
753 1364 809 1449 qui
837 1366 948 1430 sensim
981 1366 1109 1431 trahunt
1135 1376 1242 1451 potum
1302 1421 1307 1429 .

68 1458 189 1513 ventres
220 1448 334 1512 habeut
364 1448 569 1513 humectiores
598 1449 728 1515 huerore
757 1450 810 1535 qui
842 1450 986 1533 paulatim
1020 1458 1161 1536 sumptus
1197 1460 1244 1516 est

70 1534 186 1599 diutius
208 1542 416 1619 permanente:
449 1532 475 1597 si
496 1534 565 1618 quis
587 1554 660 1600 vero
686 1534 804 1600 avidius
824 1535 976 1615 hauserit,
1003 1537 1115 1601 humor
1134 1536 1242 1601 eedem

869 1706 939 1761 Ede.
958 1706 1176 1776 vieabgevlsz.]
1241 1718 1244 1726 '

68 1788 143 1841 teari
161 1786 241 1839 u-ut‘.
259 1786 342 1839 -iu
361 1788 420 1839 imis
438 1788 468 1839 P.
487 1815 514 1826 -
535 1797 559 1843 et
578 1790 662 1844 altas
679 1790 714 1841 H.
807 1794 847 1843 10.
868 1792 896 1842 ia
912 1793 1041 1860 pulmone
1057 1790 1106 1843 Pe.
1123 1818 1157 1831 -
1174 1792 1244 1858 *pe-

69 1859 141 1909 tente
159 1854 259 1907 s-bl’S.
278 1854 340 1919 „lta
358 1855 464 1922 scripta
482 1863 510 1907 et
518 1855 653 1925 Stephani
674 1857 806 1910 editionis
823 1858 917 1909 lectio.
939 1859 1049 1911 Pelenta
1066 1858 1121 1910 boe
1138 1873 1245 1927 genere

69 1930 119 1975 aut
136 1924 226 1975 lormu
245 1921 315 1973 alibi
328 1939 381 1973 non
401 1924 518 1989 reperio.
537 1925 671 1991 Apuleius
687 1925 833 1992 rrsrrrpavit
845 1925 1002 1993 vulgariter
1014 1927 1109 1977 stetim
1125 1926 1176 1976 sub
1191 1924 1247 1976 iui-

71 1992 140 2043 tiam
154 1990 188 2057 [ο.
198 1991 233 2057 4.]
245 1990 310 2041 libri
322 1990 343 2040 Ι.
361 1989 467 2041 Milesii
484 1992 650 2043 sarmentus·
662 1992 740 2045 Pont.
773 1994 891 2061 polenta
908 1993 1000 2044 {tetre
1018 1992 1063 2055 (H
1071 1992 1151 2045 aee:
1162 1994 1207 2055 „le
1229 2008 1246 2043 ο

69 2059 228 2127 potestant
248 2055 429 2125 sitpelcntum
449 2059 541 2111 neutri
565 2058 731 2125 generie.“).
785 2063 923 2113 scateam
948 2060 980 2111 Δ.
1015 2061 1168 2128 potaleuta
1191 2009 1247 2110 bib.

70 2126 247 2206 corpulenta
271 2126 372 2243 v-gl’pii
405 2129 580 2242 tssorpzuterpta
597 2127 708 2245 Pins-
735 2146 752 2179 a
774 2130 875 2247 mistui:
895 2132 986 2245 vb-g33⁴
1010 2129 1146 2179 admixtis
1165 2124 1246 2177 s-bt‘.

73 2208 193 2329 agiu--v
210 2208 351 2326 εᾶρτηρίαν
370 2208 472 2311 hung.
487 2210 697 2331 &thethidis
714 2213 854 2333 bgpggiu
871 2229 929 2329 ing.
943 2202 1104 2331 ptiuswitthtlh
1120 2200 1188 2254 (m
1206 2197 1247 2309 lug·

106 2428 229 2497 animali]
258 2427 276 2480 i.
294 2444 318 2480 e.
343 2428 454 2496 corpori
477 2428 512 2483 avl
536 2428 633 2483 vitam.
684 2432 822 2485 Athenaei
841 2430 875 2493 ll,
893 2436 936 2482 4⁰.
955 2448 982 2498 p.
1003 2432 1070 2495 tea,
1089 2431 1116 2481 b.
1133 2422 1249 2481 Ἔποναν

73 2496 117 2549 Gt.
136 2497 241 2549 comm.
260 2496 282 2560 1,
306 2500 329 2559 l,
348 2501 372 2547 7.
684 2492 710 2550 d’
728 2496 756 2551 ol
773 2496 870 2551 πολλοὶ
887 2495 946 2549 καὶ
964 2491 1094 2564 ἄλφιτα
1112 2491 1248 2562 ἐπιβάλ-

106 2569 132 2615 9.
167 2564 267 2615 solidus
294 2571 319 2616 et
346 2564 399 2615 levi
421 2560 491 2629 atus]
520 2563 634 2615 Plutar-
684 2567 807 2626 tectae
831 2565 876 2635 τῷ
901 2563 1004 2634 clap,
1022 2563 1070 2615 ubi
1091 2563 1187 2614 videas
1205 2561 1249 2613 in·
1296 2623 1298 2626 Ι

73 2632 187 2683 tarcbus
221 2631 238 2682 l.
267 2648 290 2681 c.
321 2629 352 2680 Β.
414 2629 448 2679 eri
483 2625 635 2695 πλεύμονος
685 2640 831 2700 terpretes.
883 2630 1057 2682 indicativus
1091 2630 1249 2682 sententies

72 2696 164 2749 trice
186 2696 242 2748 veel
265 2696 396 2749 ανκνοῦ
418 2690 577 2747 παντάπασι
593 2712 635 2762 γε,-

72 2761 196 2832 γονότος.
232 2762 275 2814 Gt.
296 2781 319 2814 e.
336 2770 367 2826 t,
387 2766 403 2825 S
420 2766 445 2812 8.
473 2764 557 2814 bene
582 2780 634 2813 au-

73 2842 123 2883 tem
146 2840 185 2883 eet
200 2834 339 2882 mulierum
358 2846 463 2897 eorpus,
489 2832 567 2897 quusi
583 2848 634 2881 nu-

73 2900 159 2952 turali
172 2898 278 2969 frigere
297 2900 472 2950 densatum.

109 2967 138 3016 ιά
168 2964 265 3033 ipsum]
304 2964 426 3031 positum
457 2968 500 3014 est
531 2980 581 3030 pro
609 2964 637 3013 iu

74 3048 163 3093 carnae
190 3032 226 3083 c'l.
245 3036 262 3095 ς
283 3036 323 3083 ll.
343 3048 392 3098 per
408 3032 532 3098 ipsam,
559 3032 576 3095 S
599 3034 635 3081 tt.

46 3148 47 3153 ,
75 3101 103 3151 iu
123 3101 237 3167 ipsam,
255 3098 269 3165 b
289 3104 328 3150 15.
349 3116 365 3149 ο
387 3098 422 3149 ud
441 3100 553 3165 ipsam.

76 3166 344 3284 ,effusuri
361 3116 424 3295 lt·
443 3163 636 3283 “seucu-

75 3302 95 3352 l.
116 3318 140 3349 c.
159 3298 189 3350 0.
217 3271 418 3365 Aetade’pcip
443 3290 508 3347 drab
540 3296 556 3363 β
584 3292 639 3363 phe

74 3366 144 3432 ἴσχει
161 3360 378 3431 τραχύτητας
394 3361 449 3413 καὶ
467 3314 637 3428 χαράξεις.

113 3438 153 3481 to,
188 3449 244 3481 curn
264 3430 389 3495 *pelearia
407 3428 538 3495 bibentur]
560 3426 589 3477 ln
608 3444 638 3479 re

76 3498 184 3549 incerta
211 3496 314 3561 reliqui
341 3495 368 3545 id
392 3496 462 3559 quorl
488 3494 515 3544 in
544 3510 640 3544 recen·

75 3562 196 3614 tierilvus
212 3564 273 3611 edd.
290 3568 318 3611 et
334 3562 361 3611 in
378 3560 542 3627 quiliusdum
559 3560 638 3610 codd.

76 3628 198 3695 legitur,
224 3627 351 3695 quemvis
368 3642 439 3677 nove
459 3628 497 3678 sit
515 3644 566 3678 vex
590 3644 637 3693 po·

76 3700 150 3749 lenta
185 3712 299 3746 numero
334 3694 438 3761 plurali
471 3700 499 3745 et
535 3709 639 3761 genere

75 3770 192 3823 neutr03
222 3767 252 3813 ut
279 3760 324 3811 vix
350 3760 475 3811 dubitem
505 3761 570 3826 quin
602 3758 640 3810 sit

77 3836 216 3895 corrupta.
249 3826 438 3877 Coniieiebem
454 3828 639 3893 pulluleuta,

76 3914 93 3950 a
111 3897 194 3963 pnite,
211 3896 331 3961 „treiige
348 3894 510 3955 Getrcinlre“,
527 3895 571 3946 vel
589 3910 638 3961 pa·

76 3966 210 4027 lentata,
234 3966 263 4013 ut
282 3956 386 4013 dieitur
400 3962 551 4029 piperatum
565 3960 640 4012 Cels.

77 4030 130 4093 lv,
154 4034 192 4080 19.
218 4037 246 4079 et
266 4028 344 4095 Aple.
362 4028 419 4087 ΙΙΙ,
440 4031 485 4091 lt,
504 4028 541 4080 al.
578 4028 639 4078 Ηοο

78 4096 202 4163 potuerit
229 4095 341 4146 delendi
373 4094 510 4146 adhibitis
545 4094 640 4145 verbis

75 4161 225 4216 Plutarchi
245 4178 271 4229 p.
290 4166 350 4212 698.
370 4161 416 4212 Be
438 4160 503 4221 Πῶς
519 4157 558 4213 τὸ
580 4158 642 4224 οὖν

78 4228 223 4281 seneciae
263 4222 452 4292 πινόμενον
501 4222 642 4294 ἄλφιτον

80 4292 188 4359 διέξεισι
215 4294 285 4361 (nisi
309 4293 382 4345 lurte
406 4292 478 4344 haee
503 4294 643 4359 expressit

79 4360 242 4413 Macrobius
257 4360 295 4411 iis
309 4376 379 4425 quae
398 4366 567 4426 sequunture
585 4376 642 4412 eum

80 4427 205 4482 hauritur
217 4434 296 4495 potus
310 4427 445 4480 admistus
461 4429 588 4496 grauis),
614 4431 643 4480 et

685 2698 886 2752 conditionalis
926 2696 1049 2749 insertus
1088 2696 1251 2748 detenditur

686 2784 719 2819 eu
736 2766 809 2833 quoti
830 2784 875 2817 res
894 2764 1086 2833 significetur,
1114 2778 1185 2831 quse
1206 2762 1249 2815 sie

687 2850 786 2887 revera
806 2832 851 2898 bt,
880 2838 909 2884 et
926 2833 998 2899 qued
1018 2831 1091 2882 inire
1115 2832 1187 2883 brec
1203 2846 1250 2882 re-

687 2907 820 2971 petuntur
837 2900 932 2951 verbis
949 2900 991 2951 lu's
1012 2900 1130 2967 sumptis.

718 2993 798 3054 potue
823 2984 957 3036 admixtus
982 2982 1090 3053 granis]
1121 2982 1165 3031 (il.
1190 2979 1249 3031 cte.

686 3050 719 3105 N.
745 3053 779 3102 Ι).
803 3048 846 3112 ll,
871 3054 917 3113 10,
940 3052 983 3100 bi.
1015 3050 1062 3101 llle
1086 3054 1156 3100 acro*
1173 3052 1250 3109 (aer)

687 3121 792 3171 multe
810 3118 927 3169 calore
946 3117 1114 3167 admixtus
1131 3124 1180 3166 est.

722 3204 764 3253 il.
805 3200 889 3265 Unde]
909 3198 927 3249 i·
946 3214 970 3247 e.
988 3214 1071 3263 quarn
1090 3197 1126 3247 ob
1147 3212 1215 3248 reru.

722 3264 879 3333 {mutante
912 3300 936 3317 ..
967 3267 1077 3330 precisa
1107 3262 1155 3330 est]
1190 3262 1251 3314 liae

689 3350 760 3385 novo
789 3333 871 3383 modo
901 3330 1005 3382 dictum
1034 3336 1090 3391 est,
1123 3326 1252 3395 quamvis

689 3402 761 3453 alins
779 3400 891 3450 dicetur
936 3396 1058 3447 revideri
1083 3398 1251 3447 trumentum

689 3468 741 3525 (ct.
759 3464 838 3517 Caes.
860 3465 895 3513 Β.
910 3414 943 3513 h.
968 3462 1017 3522 l'l,
1035 3465 1091 3522 44.)
1113 3477 1250 3514 commea·

690 3540 736 3584 tus
754 3530 804 3589 (el.
825 3529 894 3582 Tse.
911 3530 982 3609 A'uu.
1000 3528 1057 3592 xv,
1072 3530 1114 3592 4.)
1129 3531 1167 3581 al·

689 3595 1254 3729 etttttttttttnut²ei.lt

691 3731 859 3783 Ilehldeclrel.

722 3796 834 3864 passim]
852 3796 871 3848 i.
891 3812 915 3847 e.
932 3794 1007 3847 iusto
1024 3792 1194 3857 violentius,
1221 3801 1254 3845 nt

690 3880 775 3930 supra
788 3866 819 3926 (5
834 3868 876 3925 9.)
889 3862 1007 3915 dieitur:
1026 3864 1153 3915 uiolentia
1171 3862 1254 3928 spiri·

689 3940 733 3982 tsu
756 3931 883 3983 trahente.
918 3929 963 3980 ci.
980 3947 1003 3979 e.
1022 3933 1055 3994 b,
1074 3930 1088 3993 5
1105 3934 1131 3979 8.
1154 3929 1206 3992 Qut
1222 3928 1251 3979 ts

691 4007 812 4049 raumara
837 3998 970 4065 passive
997 4004 1052 4047 ta·
1076 3996 1173 4047 maltos
1199 3994 1251 4047 avl-

691 4065 827 4127 uu‘ttebot,
863 4072 891 4115 et
917 4063 960 4122 11,
986 4066 1017 4122 8,
1042 4065 1068 4112 t.
1104 4060 1253 4115 eandm

689 4131 812 4198 passim
829 4132 908 4194 aina,
926 4127 975 4181 ubi
993 4128 1049 4179 vivl.
1067 4139 1123 4192 uut.

725 4214 763 4330 pri
778 4214 947 4344 epegieondam
962 4210 1090 4266 etancelu'
1103 4210 1186 4275 aian]
1197 4208 1255 4262 stt.

692 4295 727 4330 no
742 4314 749 4329 .
767 4296 785 4330 s
874 4314 882 4331 .

728 4364 770 4414 12.
811 4360 890 4429 qaod]
918 4359 980 4414 vta.
1003 4366 1061 4412 not.
1085 4358 1121 4411 ad
1146 4356 1252 4411 θοιοιο.

694 4428 718 4494 1,
738 4431 781 4493 la,
800 4432 841 4479 rs.
