2992 4867
292 96 652 165 SATURNALIORUM
676 98 754 163 ΠΒ.
773 98 842 163 Vll.
865 98 958 165 GAP.
976 100 1051 168 ΧΠ.
1188 100 1252 167 ott

86 268 327 417 ttt'tttl
340 264 604 415 stillicido
618 264 1254 433 :lttttltrtttttrtttltt

85 443 117 500 et
134 442 181 499 est
199 456 290 519 quarn
314 370 415 498 oleum
440 434 536 499 multo
555 434 719 519 liquidius:
740 441 859 498 acetum
878 454 950 500 varo
967 442 1000 499 et
1018 434 1253 519 liquidissimum

85 528 131 583 est
151 520 230 584 inter
250 529 367 585 ceteros
389 520 547 593 humores,
578 526 609 581 et
628 526 714 582 tanto
736 526 784 582 est
803 518 943 583 acerbius
963 526 1000 582 ut
1021 518 1061 582 sit
1083 539 1174 584 acore
1198 521 1253 584 tri-

84 604 235 680 stificum,
263 613 295 669 et
316 602 455 687 exemplo
479 602 612 667 marinae
633 622 747 687 equae,
776 622 855 687 quae
875 604 940 687 ipsa
960 623 1087 689 quoque
1107 604 1252 669 amaritu-

84 688 156 753 dine
176 689 223 753 sui
245 708 350 772 aspera
375 694 435 764 est,
458 706 626 771 numquam
648 687 719 769 gelu
741 687 940 750 contrahitur.
982 688 1060 753 Nam
1084 689 1168 773 quod
1189 691 1303 758 tte-tt

84 772 212 837 rodotus
231 772 426 837 historiarum
447 772 577 856 scriptor
594 780 699 835 contra
719 771 858 836 omnium
879 770 973 835 terme
991 772 1045 855 qui
1062 772 1137 836 haec
1158 794 1252 859 quee-

84 856 220 925 siverunt
242 878 260 921 o
284 856 416 921 inionem
438 856 559 940 scripsit
578 875 661 921 mare
682 855 922 940 limphaticum,
955 856 1038 940 quod
1061 865 1093 920 et
1117 857 1251 922 Cimme-

84 941 164 1006 rium
183 878 322 1027 appellat,
339 948 505 1025 earumque
526 940 656 1025 partium
679 961 763 1005 mare
784 960 886 1017 omne,
907 940 990 1026 quod
1007 940 1186 1026 Scythicum
1205 942 1252 1005 di·

85 1026 174 1102 citur,
192 1025 222 1090 id
245 1026 314 1109 gelu
337 1024 501 1108 constringi
520 1032 551 1089 et
573 1023 749 1101 consistere,
769 1025 856 1089 aliter
875 1032 924 1089 est
940 1047 976 1089 ac
997 1033 1132 1109 putatur.
1175 1026 1303 1093 Nam32

85 1130 149 1174 non
167 1109 281 1175 marina
304 1129 383 1195 aqua
405 1109 610 1185 contrahitur,
638 1110 690 1173 sed
714 1109 785 1193 quia
807 1110 971 1193 plurimum
993 1111 1024 1174 in
1041 1109 1101 1175 illia
1120 1110 1253 1193 regioni·

85 1194 144 1259 bus
166 1194 328 1260 fluviorum
349 1201 447 1257 estet
469 1194 613 1278 paludum
636 1193 667 1256 in
688 1194 752 1277 ipsa
779 1194 874 1258 maria
903 1194 1111 1272 induentium,
1146 1214 1253 1279 super-

85 1278 169 1343 ficies
196 1279 288 1343 maris
317 1278 366 1341 cui
393 1278 497 1342 dulces
522 1297 620 1361 aquae
650 1277 789 1342 innatant
815 1299 873 1341 con
894 1278 1012 1355 olescit,
1049 1286 1081 1344 et
1107 1278 1252 1344 incolumi

84 1362 694 1512 titttlt“ttltltttttttlt
714 1361 780 1510 “ll
793 1299 1302 1515 ‘illilffl‘lllllel'illtn

85 1532 229 1609 dixerim,
261 1530 408 1617 prosicias
437 1530 553 1614 gelidae
579 1467 976 1596 temnturqconnactaeqde
997 1497 1163 1596 fluvialiu’m
1186 1532 1302 1617 vellana}

85 1616 265 1700 palustrium
286 1616 436 1680 undarum
457 1613 667 1693 multitudine,
699 1616 730 1679 in
752 1635 829 1701 quaa
848 1616 920 1679 licet
937 1616 1041 1700 frigori
1064 1616 1151 1700 quasi
1171 1616 1251 1681 leva-

86 1701 180 1766 tiores
207 1701 332 1766 marina
375 1699 546 1767 Plurimum
567 1706 669 1765 autem
694 1720 843 1786 aquarum
865 1700 971 1766 talium
995 1701 1121 1767 inlluere
1141 1700 1305 1780 ronuta

877 1886 947 1939 ΕΜ.
970 1886 1185 1954 ricaltgapdalnl

84 1968 256 2021 AllPr-al't.
282 1969 358 2021 (leil.
377 1970 397 2021 l.
415 1987 438 2021 c.
459 1972 475 2033 5
495 1972 535 2021 td.
571 1969 749 2038 levigatione
765 1968 849 2021 n-oS.
874 1994 908 2009 -
933 1971 1149 2051 deceatiarapaa
1166 1969 1202 2020 cla
1220 1973 1252 2028 (a

84 2052 139 2089 om.
156 2038 228 2103 aaa).
251 2062 283 2075 ·-
307 2036 497 2104 exemplatus
515 2036 574 2097 (llll
593 2037 620 2087 in
641 2053 698 2105 mg.
718 2038 849 2102 exempto)
869 2037 923 2087 lit.
949 2064 982 2077 -
1010 2054 1080 2103 qaae
1103 2054 1164 2104 apra
1186 2054 1253 2103 gaa-

84 2119 134 2171 qua
153 2104 232 2171 quia
258 2103 313 2154 Mu.
348 2105 422 2170 guia
444 2105 504 2171 ipra
527 2121 629 2171 quoque
644 2104 673 2155 S.
701 2132 732 2142 -
759 2104 802 2155 aui
823 2120 879 2155 am.
897 2104 952 2154 Mu.
974 2129 1010 2141 -
1033 2120 1154 2171 aspersa
1180 2104 1216 2155 ll.

151 2174 193 2221 ³1.
226 2170 386 2236 Herodotus]
411 2170 453 2221 Οἳ.
475 2170 522 2232 tv,
536 2174 579 2221 28.
611 2196 645 2209 -
681 2172 869 2237 Borplaorieum
888 2171 998 2234 dliv-p.
1033 2171 1198 2233 dorforican
1219 2171 1252 2222 P.

85 2238 268 2304 Bosporicum
286 2238 349 2289 dab.
383 2238 547 2304 dorplrmunr
561 2238 590 2288 S.
604 2262 638 2277 -
654 2239 784 2289 sicariam
798 2238 832 2288 ll.
848 2264 881 2277 -
895 2238 924 2288 id
961 2240 1004 2289 elu
1016 2238 1253 2288 abtt’stltttuo.

84 2321 139 2355 orn.
157 2304 187 2354 u.
245 2306 287 2355 alu
305 2310 373 2366 (orn.
391 2306 434 2364 id)
449 2318 502 2371 νος
516 2304 633 2355 uolt-
648 2321 739 2372 quam
752 2305 925 2371 putaturi-la
950 2339 958 2355 .
1041 2308 1085 2354 ⁸2
1100 2305 1253 2371 paludium

84 2372 156 2437 (del.
180 2373 204 2430 i)
223 2321 255 2422 ξ.
357 2374 399 2421 3³.
428 2372 562 2437 proaieiea
584 2373 624 2421 al.
660 2373 869 2439 superficies
892 2376 925 2421 vd
947 2372 982 2438 (g
1005 2370 1034 2422 ln
1055 2377 1136 2437 mg).
1161 2396 1197 2409 -
1223 2372 1253 2421 ia

85 2439 229 2505 quaelicet
243 2438 356 2505 frigore
374 2446 555 2501 concretae,
573 2446 681 2489 tornea
705 2446 780 2489 auat
801 2444 958 2489 natantes
976 2438 1054 2506 quari
1071 2454 1132 2504 v-g.
1151 2438 1253 2502 „Quae

86 2505 222 2573 pleniora,
242 2520 292 2554 nec
310 2506 392 2571 plena
412 2512 503 2555 tamen
523 2506 604 2570 plane
622 2512 671 2556 aut
689 2506 786 2571 proba.
821 2504 884 2569 Quo
903 2504 976 2554 enirn
1002 2504 1110 2556 referas
1128 2504 1202 2555 istud
1226 2506 1254 2557 iae

85 2570 173 2639 quoa?
206 2571 275 2621 llam
294 2572 384 2637 ipaanr
401 2572 474 2632 vide,
491 2588 542 2622 nee
558 2571 673 2639 anrlrlgo
689 2571 756 2637 quin
774 2570 905 2637 probabis
922 2572 993 2635 qood
1012 2571 1193 2623 coniectando
1210 2571 1255 2623 ln·

84 2638 227 2689 usnimais
245 2638 274 2688 in
293 2646 439 2704 quantum
458 2638 518 2689 lieet
531 2640 640 2706 frigore
657 2646 799 2689 concretae.
829 2638 895 2688 Vult
913 2638 986 2689 enirn
1006 2638 1100 2688 dicere
1118 2638 1198 2689 Ponti
1218 2638 1255 2689 il·

84 2707 127 2758 laa
145 2705 300 2773 glacierum
320 2704 464 2771 prosicias,
483 2714 712 2771 quantaecnnqne
731 2706 799 2757 lieet
819 2704 974 2772 rigiditatis
991 2712 1019 2755 et
1038 2706 1121 2757 molis
1140 2706 1256 2771 luerint,

83 2773 173 2824 fluore
192 2778 283 2823 tauron
303 2780 330 2823 et
349 2772 446 2839 vagari
464 2779 560 2839 utpote
579 2773 699 2825 leviores
717 2788 799 2838 aqua,
819 2788 889 2839 quae
906 2772 1042 2832 subsidet,
1060 2774 1145 2823 salsa.
1162 2771 1254 2824 Felel-

85 2840 233 2891 litantem
254 2838 385 2889 librarios
404 2839 571 2891 insolentior
589 2840 689 2891 dictio'a
718 2842 746 2891 in
765 2848 891 2906 quantuor
916 2840 990 2904 lieet,
1016 2855 1087 2904 qnae
1109 2850 1201 2891 tamen
1226 2845 1256 2891 et

84 2907 179 2959 Plinio
198 2904 301 2958 inniorl
318 2904 521 2972 ireqrrentata.“
537 2908 618 2960 Pout.
641 2935 675 2945 -
699 2908 883 2977 levigatione
900 2905 974 2974 ltgll.
1008 2906 1140 2959 lanatiore
1155 2905 1187 2957 A.

83 3082 172 3149 potiar
195 3078 318 3147 positum
341 3096 404 3132 erae
425 3080 546 3133 videtur.
581 3080 643 3134 Vld.
728 3079 762 3132 da
778 3081 889 3133 aduenis
904 3080 993 3149 andiu]
1012 3079 1056 3132 ct.
1076 3098 1100 3133 c.
1119 3085 1145 3142 o,
1163 3081 1176 3146 5
1193 3084 1221 3133 2

85 3148 215 3217 prolegg.
253 3164 354 3199 arur.
370 3148 442 3201 med.

84 3284 108 3337 Γ
119 3216 240 3332 copgug'
259 3216 365 3343 glgtprm
384 3223 429 3267 est
446 3232 496 3283 pro
511 3216 644 3284 coagula-

97 3299 174 3335 rcrua.
240 3318 264 3343 .,
328 3316 336 3332 .

119 3349 261 3417 contingit]
280 3350 322 3400 (ll.
338 3366 362 3399 a.
378 3354 404 3411 6,
423 3350 439 3409 S
456 3352 482 3398 9.

120 3430 197 3465 acore
224 3415 382 3481 tristificari]
417 3414 459 3463 (li.
493 3414 510 3475 §
540 3415 579 3462 12
617 3417 647 3463 et

86 3481 170 3549 paulo
189 3495 274 3544 supra
284 3482 475 3547 frigorificum.

121 3547 302 3598 amaritudine
317 3546 370 3611 aui]
392 3545 435 3595 Gi.
452 3548 468 3607 S
484 3548 527 3595 Ἡ.

727 3182 771 3231 33.
803 3178 945 3247 prosiciae]
963 3186 1007 3230 eat
1020 3195 1072 3231 vox
1089 3193 1106 3228 a
1124 3195 1155 3228 re
1174 3192 1256 3229 sacra

695 3253 816 3309 sumpta.
852 3246 894 3295 cl.
909 3246 1029 3296 Salmas.
1046 3246 1160 3295 Exercc.
1181 3243 1254 3295 Plio.

695 3330 720 3378 p.
740 3318 783 3361 90.
801 3328 825 3363 a.
845 3310 891 3361 R:
910 3312 975 3372 „lta
994 3312 1130 3361 vocabunt
1148 3319 1255 3375 partem

696 3395 767 3443 qrrae
789 3386 853 3429 ante
875 3377 968 3428 omnia
991 3378 1210 3443 praeaecabatnr
1227 3386 1256 3429 et

695 3444 750 3495 diia
770 3444 945 3494 reddebatur.
973 3444 1046 3494 llinc
1061 3445 1177 3527 glossae
1193 3462 1257 3511 pro-

695 3512 775 3562 aicr'or
799 3507 936 3575 θυμάτων
961 3505 1089 3577 droppen
1117 3512 1256 3578 interpre-

293 3612 496 3678 oooo
525 3609 646 3675 „m
696 3583 859 3695 ltro?
878 3570 1043 3709 ,tutti
1056 3579 1165 3712 ,test
1185 3578 1255 3713 tt

86 3680 298 3798 ξεέᾚῄἑΐθα
317 3676 646 3811 fflfflnfflgxmnffi
699 3712 880 3789 Pro-eiciam
900 3720 1017 3763 extorum
1036 3713 1077 3763 ael
1094 3715 1122 3764 iu
1139 3730 1256 3795 mapsam

88 3811 263 3879 Βόσπορος
279 3807 577 3879 πᾶςὸΚιμμέριος,
694 3782 854 3847 porricere.“
887 3778 977 3830 Paulo
999 3795 1082 3845 sopra
1102 3780 1153 3845 (u)
1181 3782 1256 3831 rdenr

86 3879 421 4000 'uegmabpuecpgnpgzp'
447 3881 522 4009 lille:
533 3876 646 4008 tregia.
696 3843 1169 3979 ῗῗὲἶῧὲᾞῖ]ΕᾛΥῖξίυέἔυᾞ
1183 3845 1257 3983 {m

91 4016 187 4067 anneo
218 4031 286 4080 quae
316 4016 349 4067 in
378 4016 462 4069 istie
490 4014 648 4081 partitur
695 3987 860 4045 ”mmmm
874 3981 1022 4047 ''mim''

86 4090 172 4135 eraeau
192 4097 263 4147 epea.
731 4079 792 4131 ticet
809 4078 923 4147 [rigere]
943 4078 1018 4131 idam
1035 4078 1113 4131 valet
1130 4094 1164 4131 ae
1179 4084 1257 4147 pate-

120 4149 161 4215 id]
179 4156 242 4216 port
257 4164 331 4200 arura
347 4164 421 4201 omae
438 4152 499 4201 arat
515 4146 648 4199 omitten-
696 4152 793 4199 anuas
809 4147 888 4198 tolet
898 4149 1002 4214 [rigua.

87 4216 163 4335 ⁶⁰32:
196 4280 339 4349 pgmgm
358 4281 540 4347 „fluum”
556 4287 646 4347 “pa-
732 4246 819 4313 guaer]
838 4244 898 4297 l'id·
917 4251 973 4297 not.
991 4244 1026 4297 ad
1049 4262 1073 4298 c.
1092 4244 1209 4311 ”25¹²-

87 4348 191 4416 luera]
216 4347 260 4399 Gt.
285 4350 365 4412 §³⁴-
388 4352 417 4401 et
438 4348 495 4402 rid.
516 4348 647 4416 prolegg.
730 4348 775 4396 aa.
813 4346 957 4400 Plarim
986 4382 1010 4398 ..
1040 4346 1181 4413 aqum]
1211 4345 1256 4402 (ll.

87 4434 116 4485 p.
134 4432 226 4471 ιιιιι
247 4415 319 4467 mad.
696 4414 775 4477 §³2
