2992 4867
264 73 329 138 560
735 65 946 139 monoldi

352 241 392 306 11.
435 239 477 305 Et
497 239 649 305 Asianus:
682 239 784 306 Novas
809 237 884 305 mini
907 236 987 305 duas
1015 235 1187 327 discipliuae
1208 236 1320 306 rideris
1346 236 1432 304 indu·

267 326 337 392 ecre
356 324 563 408 interrogandi
585 325 631 390 rel
651 325 741 390 etiam
766 323 1022 411 reprehendendi,
1053 333 1090 390 ut
1115 324 1254 391 alacritas
1279 323 1434 422 utrimque

266 410 314 474 his
330 409 368 474 ad
409 430 468 474 uos
488 429 589 476 sermo
610 417 657 476 est
673 410 840 488 excitetur,
870 430 942 476 oum
969 408 1058 474 dolor
1077 429 1198 508 semper
1222 408 1432 494 reprehensio-

267 515 337 559 nem
364 430 411 560 ni
443 494 554 560 iustam
583 503 742 581 sequatur:
778 495 861 560 unde
889 493 963 560 haec
993 515 1073 579 quae
1100 494 1207 560 leviter
1235 494 1360 579 attigisti
1388 492 1436 560 lac

236 584 382 666 2quaaso
405 578 574 644 enarrando
597 579 742 664 planiora.
783 573 939 656 Primum,
965 579 996 643 in
1019 579 1066 644 uit
1086 578 1283 657 Euanthius,
1309 577 1368 644 hoc
1388 587 1435 644 te·

267 685 340 730 neas
361 665 446 741 volo,
472 686 536 730 non
556 665 594 730 de
616 686 652 730 ea
671 686 721 731 me
740 663 977 750 reprehensione
1020 664 1110 728 ixisse
1127 683 1244 751 quaes
1303 663 1362 728 iem
1383 683 1433 728 ac-

268 748 435 814 cusationis
456 748 561 827 hahet,
592 749 645 814 sed
668 771 748 836 quae
768 749 998 835 vituperationis
1019 749 1114 814 instar
1133 756 1190 814 est
1264 769 1303 814 oc
1328 747 1436 814 Graeci
1480 745 1486 756 “

268 836 405 919 σκῶμμα
425 843 548 912 vocant,
579 856 640 900 non
663 835 766 902 minus
784 834 908 922 quidem
933 855 1070 902 amarum
1092 855 1186 920 quam
1214 833 1381 912 accusatio,
1410 833 1435 899 si

268 919 432 1006 inportune
452 919 641 1006 proferatur:
671 921 724 986 sed
752 941 770 985 a
796 920 933 1006 sapiente
955 919 1007 985 sic
1021 918 1192 1006 proferetur
1215 927 1253 984 ut
1276 917 1435 984 dulcedine

239 1008 393 1158 {iquoque
416 1027 478 1106 non
502 1013 611 1156 oqpeat
654 1006 697 1072 Et
718 1013 755 1072 ut
780 1006 865 1092 prius
878 1004 1013 1156 ¹tiqqtode
1046 1003 1434 1156 inteqqogatiqnemrqsffi

269 1111 459 1262 issqrngq
476 1110 1433 1277 iilcliliauineigiximesgteqffizsscitilliaamlieiiruiagnergrcimdone
1490 1174 1491 1179 ’

238 1261 419 1328 4ι1ἰι1ἰοίιιο.
469 1261 591 1330 Gaudet
612 1283 692 1328 emm
715 1262 858 1351 quisquae
882 1269 1066 1347 provocatur
1089 1259 1128 1325 ad
1151 1260 1323 1326 doctrinam
1349 1279 1432 1324 auam

268 1347 299 1411 in
322 1347 455 1414 medium
478 1347 701 1433 proferendam,
721 1348 794 1434 quia
812 1367 903 1413 nemo
925 1347 990 1412 vult
1012 1345 1106 1412 latere
1126 1345 1209 1432 quod
1230 1343 1352 1423 didicit,
1373 1365 1432 1408 ma·
1490 1406 1491 1413 ,

268 1431 350 1498 xima
376 1431 402 1497 si
426 1433 551 1498 seientia
572 1455 664 1519 quarn
692 1433 797 1499 labore
817 1432 968 1518 quaesivit
988 1452 1057 1496 cum
1082 1430 1188 1515 paucis
1214 1430 1257 1494 illi
1282 1427 1433 1496 familiaris
1490 1444 1491 1509 j

269 1523 300 1582 et
318 1517 455 1603 plurimis
476 1517 516 1582 sit
538 1519 708 1604 incognita,
740 1526 778 1584 ut
797 1516 837 1582 de
856 1517 1044 1583 astronomia
1064 1516 1110 1582 vel
1131 1514 1290 1582 dialectica
1314 1513 1433 1580 aeteus
1490 1528 1491 1537 ¹

269 1621 330 1688 que
364 1602 522 1681 similibus.
565 1605 653 1670 Tunc
688 1602 769 1668 enim
800 1602 943 1667 ridentur
972 1600 1118 1688 consequi
1148 1598 1281 1666 fructum
1314 1599 1434 1675 laboris,

268 1707 339 1753 cum
374 1686 583 1770 adipiscuntur
616 1688 808 1754 occasionem
842 1686 1018 1772 publicandi
1053 1707 1133 1773 quae
1163 1685 1332 1751 didicerant
1370 1684 1435 1750 siue

216 1772 498 1858 [aollostentationis
529 1780 617 1851 nola,
650 1792 711 1859 qua
734 1779 817 1860 caret
841 1771 894 1857 qui
918 1793 981 1837 uon
1006 1771 1117 1857 ingerit
1145 1769 1199 1836 sed
1228 1769 1373 1836 inritatur
1401 1779 1436 1834 ut

237 1859 259 1924 5
266 1855 409 1944 proferat
455 1857 569 1922 Contra
593 1877 720 1940 magnae
742 1855 952 1921 amaritudinis
982 1863 1044 1933 ost,
1076 1856 1101 1921 si
1129 1876 1233 1922 coram
1256 1855 1361 1921 multis
1381 1853 1433 1918 ali·

266 1960 358 2028 mam
390 1939 558 2024 interroges
589 1940 673 2026 quod
702 1960 766 2004 non
799 1939 905 2024 opima
936 1939 1063 2004 scientia
1097 1940 1254 2025 quaesivit
1307 1939 1436 2023 Cogitur

267 2024 424 2090 animant
449 2043 560 2108 negare
584 2045 618 2089 se
644 2023 733 2102 scire,
764 2023 849 2110 quod
874 2030 1043 2089 extumum
1072 2024 1274 2089 verecundiae
1289 2023 1435 2090 damnum

266 2113 390 2195 putant,
425 2115 480 2173 aut
506 2110 690 2258 respondere
713 2116 829 2174 temere
850 2114 882 2172 et
900 2106 1029 2174 fortuito
1049 2127 1083 2172 se
1101 2109 1224 2172 eventui
1244 2108 1307 2172 veri
1333 2108 1437 2174 falsive

267 2192 477 2274 committere,
504 2214 547 2258 un
569 2215 587 2259 e
607 2215 697 2280 saepe
718 2192 856 2260 nascitur
874 2192 1011 2258 inscitiae
1031 2191 1182 2279 proditio:
1216 2199 1249 2257 et
1270 2214 1367 2258 omne
1379 2191 1435 2258 hoc

238 2277 468 2344 dinlortunium
497 2278 625 2378 pudoris
662 2279 710 2344 sui
744 2278 866 2364 inputat
898 2277 1078 2343 consulenti.
1131 2277 1195 2343 Nee
1224 2297 1288 2342 non
1322 2287 1357 2344 at
1382 2278 1437 2364 qui

268 2364 411 2429 obierunt
431 2383 526 2433 marra
548 2373 580 2429 et
601 2373 698 2431 terras
723 2363 872 2448 gaudent,
902 2383 975 2427 cum
998 2362 1037 2428 dc
1058 2361 1166 2446 ignoto
1185 2361 1291 2427 maltis
1308 2363 1356 2428 vel
1376 2372 1439 2428 tar·

267 2469 370 2516 rarum
394 2450 455 2515 situ
477 2449 522 2518 rel
547 2450 617 2515 sinu
644 2449 737 2516 maris
758 2448 1001 2537 interrogantur,
1032 2445 1225 2534 libenterque
1251 2447 1440 2533 respondent

335 2655 415 2724 [Μιι.
434 2656 572 2708 Arsiana.

334 2737 371 2788 ll.
409 2739 495 2818 Caput
517 2739 553 2788 ll.
586 2737 625 2788 De
643 2737 736 2802 quidue
757 2737 868 2792 libenter
888 2740 997 2806 quiaque
1019 2740 1204 2808 inumogatur.
1228 2733 1303 2786 cla-lo.
1415 2739 1442 2786 1.
1490 2704 1491 2727 ¹

267 2805 451 2871 interroganda
470 2805 534 2870 cet]
549 2803 591 2855 Gl'.
610 2803 686 2856 Plut.
702 2804 801 2872 Syrnp.
819 2805 857 2869 11,
872 2809 896 2870 l,
917 2809 938 2856 1.
955 2831 990 2844 -
1011 2806 1141 2866 aelmon.
1158 2805 1292 2863 etiamr.
1326 2808 1359 2852 et
1377 2801 1439 2853 ι-Ιι.
1490 2802 1491 2815 ’

266 2897 310 2986 ὶῐι
323 2871 367 2922 ””’
384 2871 682 2989 i'i÷.1n''ii“'‘⁰”
697 2873 1250 2992 t⁰mcaaa11³ctes²uttlers
1263 2869 1306 2922 ”⁶¹
1321 2869 1439 2989 ‘sm

267 3002 336 3054 Mae.
353 3009 383 3052 et
401 3002 469 3055 aad.
490 3029 524 3042 -
542 3003 647 3071 quidem
664 3021 719 3058 om.
739 3007 792 3058 112.
810 3035 844 3048 -
858 3009 1009 3073 proferetur
1023 3008 1093 3072 (oen.
1112 3007 1163 3070 eie)
1177 3005 1234 3058 e-lo.
1268 3022 1330 3056 eea
1343 3007 1438 3071 prose·

265 3076 339 3122 retur
354 3069 386 3120 Ρ.
490 3072 514 3120 a.
546 3071 669 3140 Etpriue
686 3075 756 3138 (orn.
777 3079 822 3134 ut)
842 3072 1060 3125 Asmavaatra.
1088 3099 1122 3112 —
1150 3073 1267 3125 titione.
1285 3070 1318 3122 Δ.
1347 3098 1374 3109 -
1405 3073 1439 3123 de

266 3137 475 3204 interrogando
490 3137 615 3206 Hl2v-g.
631 3167 663 3178 —
689 3141 742 3206 Qui
758 3142 816 3194 nuit
833 3179 856 3194 ..
875 3143 906 3204 (S
921 3145 962 3200 9.)
981 3140 1105 3206 reiectum]
1125 3139 1170 3190 (ii.
1186 3139 1226 3191 la·
1247 3137 1388 3190 Sareeb.l
1414 3155 1437 3188 c.

266 3231 299 3241 -
324 3205 381 3256 eale
404 3206 542 3259 anianae
563 3207 696 3260 consultor
713 3226 769 3260 esee
786 3209 839 3261 ua
863 3233 897 3246 -
922 3225 956 3259 eo
971 3207 1122 3276 interroget
1137 3213 1191 3259 eet.
1208 3207 1257 3270 (SS
1274 3205 1368 3272 3-8.]]
1394 3205 1438 3256 ct.

268 3271 342 3323 Plnt.
360 3271 380 3322 l.
400 3289 435 3333 c.‚
452 3277 478 3323 2.
503 3299 537 3312 -
554 3276 730 3342 respondere
748 3275 786 3328 Η.
887 3277 912 3325 4.
943 3276 973 3325 ia
990 3275 1127 3327 medios·
1147 3301 1174 3314 -
1201 3272 1439 3340 adquisivitflz

265 3365 300 3378 —
327 3346 356 3391 el
376 3340 515 3392 dialectieo
532 3339 583 3392 H2.
684 3347 710 3394 t.
737 3345 887 3412 interroget·
902 3342 1019 3409 aliquem
1037 3357 1069 3395 r·
1091 3369 1151 3394 .·-
1173 3341 1282 3409 optimu
1298 3339 1368 3392 Edd.
1384 3339 1437 3392 Ps.

266 3407 395 3473 opilione
414 3407 485 3468 (del.
502 3409 538 3469 ti)
556 3409 608 3460 lla
624 3410 908 3473 -loaeeredorteito
924 3415 995 3471 (om.
1012 3415 1052 3470 el)
1068 3359 1099 3462 ἱ
1202 3412 1230 3460 o.
1256 3409 1303 3475 qai
1318 3408 1437 3460 odierant
1490 3452 1491 3469 ,

298 3593 345 3657 ll,
369 3597 396 3645 ἱ.
431 3595 642 3665 vituperationis]
669 3597 825 3652 Dicendum
875 3597 981 3650 σὶιιιιῐὶι
1002 3603 1127 3650 corruet:
1154 3594 1203 3648 icoo
1222 3593 1304 3647 sutrii
1320 3593 1437 3662 loquare·

265 3659 356 3712 leieeu
395 3661 527 3716 irrisionis
568 3664 651 3716 docel
685 3664 826 3719 Graecam
875 3672 933 3730 ter,
964 3665 1013 3716 luce
1038 3665 1104 3717 etrii
1128 3679 1182 3716 noe
1205 3663 1354 3724 continent,
1391 3661 1440 3712 hee

266 3725 390 3793 σκῶμμα.
873 3727 976 3800 ignotis
991 3732 1170 3802 ingerunt,
1187 3730 1235 3783 lenc
1250 3729 1344 3782 canicie
1365 3745 1440 3782 eon·

299 3796 324 3844 3.
360 3794 478 3862 quivult
500 3812 624 3848 amoenus
646 3813 700 3852 eaeo
716 3799 824 3852 eontul-
874 3801 991 3851 andiunt.

263 3867 304 3912 lor
337 3859 358 3912 i.
377 3877 403 3912 e.
425 3861 472 3927 qui
492 3869 574 3928 gralo
595 3865 677 3918 naodo
697 3865 823 3932 aliquem
909 3873 1051 3918 extremum
1085 3863 1260 3918 uerecundiae
1298 3863 1442 3930 omnen]

261 3933 324 3978 rnt
351 3925 534 3996 interrogare.
569 3929 613 3984 cl.
638 3933 701 3996 §tn
728 3951 822 3986 emou-
874 3933 935 3986 vid.
952 3939 1010 3985 not.
1028 3932 1064 3985 etl
1081 3932 1127 3997 lv,
1147 3937 1172 3996 1,
1194 3934 1220 3981 2

262 3993 328 4048 lenti
348 4002 376 4048 et
394 3995 450 4047 vid.
467 3997 597 4064 pralagp.
618 4015 643 4064 p.
661 4015 736 4052 narr.
908 4001 1030 4052 noscitur
1057 4001 1179 4053 inscitiae
1208 3995 1337 4065 proditio]
1367 3996 1387 4047 l.
1417 4014 1443 4047 e.

297 4079 366 4128 quoe
386 4065 548 4132 didicerunt]
574 4065 633 4119 Vid.
659 4073 714 4118 not.
741 4068 776 4119 ad
793 4068 824 4131 31,
875 4066 920 4129 lit,
947 4073 977 4118 ut
995 4067 1058 4134 quie
1080 4067 1142 4133 ipae
1164 4066 1266 4134 prodat
1292 4063 1443 4117 inscitiam

261 4129 310 4192 2⁰,
333 4131 386 4194 12,
413 4131 459 4182 ubi
481 4131 527 4182 laic
545 4135 622 4186 loona
641 4141 702 4186 erat
720 4136 823 4187 addeu—
875 4151 964 4186 auam.

262 4195 323 4246 ‘¹¹¹⁸-
908 4201 1083 4267 infortunium
1114 4199 1226 4280 pudoris
1259 4197 1312 4266 eur]
1352 4197 1372 4249 i.
1415 4217 1444 4250 e.

295 4281 322 4328 5,
358 4280 596 4350 qqrmpmmq
623 4283 823 4336 „prowm
873 4269 945 4334 qnod
975 4267 1003 4320 in
1029 4283 1091 4320 eam
1119 4267 1218 4320 recidit
1243 4266 1444 4319 calamitatem

260 4341 305 4392 Gt.
324 4345 389 4395 Son,
407 4348 442 4398 αα
460 4349 521 4398 ben,
533 4349 591 4410 vn,
604 4355 647 4411 ῃ,
661 4357 686 4401 2
708 4353 823 4415 Qum„
873 4341 905 4386 ut
921 4352 967 4387 ree
984 4335 1038 4388 silai
1056 4334 1156 4400 pudori
1172 4335 1220 4387 eit.
1239 4332 1282 4386 cl.
1295 4351 1318 4384 e.
1329 4337 1384 4400 ἧς
1398 4338 1444 4386 ll.

257 4405 408 4473 beneficiam
444 4416 515 4478 quod
544 4416 673 4476 dederunt
703 4420 822 4470 omnim
905 4417 1060 4484 meolati]
1079 4418 1139 4470 vid.
1157 4423 1214 4471 aot.
1231 4417 1266 4469 ad
1285 4421 1302 4482 5
1320 4423 1347 4470 (l.
