2992 4867
207 110 270 175 580
691 102 902 172 usedomi

157 298 289 369 pmpque
317 284 474 361 tamquam
503 272 686 360 palinodiam
711 293 828 337 canere.
870 270 929 335 usi
958 272 1038 335 enim
1067 270 1217 335 rhetorica
1242 270 1380 355 prolusio

209 380 387 430 communes
421 360 504 424 locos
545 360 574 422 in
608 358 754 423 utramvis
792 362 909 442 partem
948 355 1139 420 inventorum
1180 355 1382 421 alternatione

209 456 347 513 tractare.
392 444 451 509 Sed
480 443 551 528 quia
584 442 702 507 facilius
730 440 918 507 Graecorum
951 441 1179 507 inventionibus
1212 460 1229 503 a
1257 440 1383 503 Graecis

209 534 287 599 lorle
307 529 373 594 aliis
390 530 484 593 relata
506 528 706 613 respondent,
720 534 769 603 te,
790 525 943 601 Eustatbi,
963 546 1087 591 oramus
1107 545 1214 590 omncs
1235 534 1272 588 ut
1293 544 1382 589 sensa

211 624 243 682 et
263 616 384 679 inventa
405 612 518 678 Disarii
542 612 700 677 contrariis
727 611 902 697 repellendo
928 609 960 673 in
986 613 1138 695 integrum
1161 609 1303 674 restitues
1330 629 1383 671 ex-

182 707 401 775 5auotoratum
424 696 631 763 conviviorum
653 698 796 781 leporem.
842 694 898 759 llle
920 694 975 759 diu
992 696 1051 760 boc
1072 717 1091 759 a
1111 716 1144 758 se
1170 693 1305 758 officium
1328 692 1382 756 de·
1477 725 1478 756 ;

211 792 368 871 precatus,
395 782 450 847 ubi
472 790 519 846 tot
539 783 570 846 in
593 780 748 846 ellantium
771 800 946 865 procerum,
976 781 1088 867 quibus
1110 778 1295 844 obviandum
1318 799 1384 841 non

211 878 288 946 erat,
323 865 457 931 hortatui
479 803 593 932 saecul

213 954 270 1017 mis
298 955 390 1037 cogor
417 951 565 1028 indicere,
599 950 721 1015 Disario
749 957 781 1013 ot
804 949 1024 1015 continentiae:
1055 950 1108 1013 sed
1136 950 1174 1013 ab
1200 948 1385 1012 auctoritate

211 1045 310 1104 vestra
336 1045 490 1121 tamquam
515 1036 553 1100 ali
580 1035 681 1101 edicto
705 1034 855 1120 praetoris
878 1034 1038 1119 impetrata
1059 1033 1144 1099 venia
1170 1033 1258 1116 gulae
1281 1040 1385 1117 patro·
1477 1045 1478 1086 l

184 1126 303 1199 linum,
340 1122 413 1206 quia
442 1140 565 1184 necesse
590 1127 651 1196 cst,
685 1119 860 1204 profitebor.
910 1120 946 1181 ln
978 1118 1077 1205 primo
1109 1117 1254 1203 speciosis
1286 1117 1386 1200 magis

213 1226 305 1290 quam
329 1206 416 1283 veris,
437 1213 472 1269 ut
492 1204 661 1282 docebitur,
682 1202 829 1301 exemplis
848 1222 947 1300 paene
967 1224 1025 1268 nos
1047 1203 1160 1268 Disaiii
1184 1201 1282 1266 nostri
1304 1202 1387 1286 cepit

213 1292 243 1354 in
265 1289 378 1353 eninm.
422 1289 476 1353 sis
497 1287 578 1354 enim
600 1288 732 1374 pecudes
755 1288 885 1372 simplici
906 1289 952 1353 uti
974 1288 1053 1367 cibo,
1075 1296 1106 1352 et
1126 1287 1196 1352 ideo
1217 1287 1386 1371 expugnari

213 1310 367 1439 diiuciiius
394 1393 499 1438 aarum
530 1394 620 1458 quani
647 1372 807 1437 hominum
832 1372 1002 1439 sanitatem.
1047 1373 1109 1439 Sed
1135 1380 1302 1456 utrumque
1328 1370 1385 1435 lal-

185 1462 281 1524 'lsum
309 1457 454 1543 probabo.
501 1458 576 1523 Nam
603 1478 704 1542 neque
724 1456 851 1543 simplex
874 1464 921 1522 est
949 1458 1131 1524 animalibus
1155 1457 1249 1521 mutis
1276 1456 1386 1520 alimo-

214 1544 282 1620 nia,
303 1563 360 1607 nea
378 1542 416 1608 ab
436 1540 494 1605 ibis
516 1563 608 1626 quain
631 1542 757 1607 anobis
774 1542 874 1607 morbi
891 1544 1080 1608 remotiores.
1123 1542 1268 1606 Testatur
1285 1560 1385 1605 unum

214 1626 343 1693 varietas
367 1634 523 1711 pratorum
545 1647 625 1713 quae
647 1626 869 1711 depascuntur,
901 1628 1014 1712 quibus
1032 1628 1144 1692 herbae
1166 1634 1238 1690 sunt
1255 1646 1387 1689 amarae

214 1711 326 1797 pariter
354 1720 386 1776 ot
406 1710 522 1787 dulces,
555 1712 633 1775 aliae
655 1732 764 1776 sucum
787 1710 919 1776 calidum
944 1712 1019 1778 aliae
1040 1712 1183 1796 frigidum
1205 1709 1387 1787 nutrientes,

214 1804 249 1859 ut
271 1794 353 1859 nulla
373 1794 481 1859 culina
496 1796 592 1879 possit
613 1803 676 1860 tam
700 1796 817 1861 diuersa
837 1796 961 1861 condire
983 1816 1076 1881 qnam
1099 1796 1131 1859 in
1152 1795 1255 1860 herbis
1275 1803 1386 1859 nutura

184 1878 347 1943 Siariarit.
392 1878 491 1945 Notus
518 1888 566 1944 est
594 1880 737 1947 omnibus
758 1880 902 1974 Eupolis,
938 1881 1016 1945 inter
1046 1881 1199 1963 elegantes
1225 1878 1386 1945 habendus

278 2046 358 2113 [Mss.
378 2044 516 2098 ausura.

211 2128 317 2179 relatae
335 2128 412 2195 p2-b.
514 2134 539 2181 d.
557 2132 672 2197 officinis
690 2147 708 2181 a
725 2145 753 2179 se
768 2128 820 2179 ua
839 2155 871 2167 -
883 2134 1023 2195 patramus
1043 2142 1090 2179 eie
1105 2126 1160 2178 ua.
1265 2133 1294 2179 d.
1310 2147 1387 2197 spu-

211 2196 287 2247 liosis
305 2194 374 2247 iiis
405 2224 430 2233 -
458 2212 525 2263 petie
541 2215 589 2248 iias
606 2198 704 2248 llisasii
721 2196 855 2261 exemplis,
874 2203 905 2246 ut
922 2195 1119 2247 docebitursla
1137 2192 1246 2262 (νθὼς
1261 2202 1386 2262 pesce).
1477 2211 1478 2222 ¹

211 2271 241 2313 iit
258 2264 391 2315 docebitur
407 2279 474 2329 pens
491 2282 539 2315 sas
553 2264 647 2314 albarii
663 2267 732 2328 (oni.
749 2264 890 2329 exemplis)
906 2262 938 2313 P.
959 2289 994 2301 -
1022 2262 1069 2313 Ait
1085 2262 1150 2327 cet]
1168 2260 1212 2312 ci.
1230 2278 1255 2313 c.
1272 2263 1300 2324 4,
1316 2264 1333 2323 S
1352 2267 1383 2311 6.

212 2337 241 2381 et
258 2330 332 2382 l'lal.
351 2329 448 2396 Symp.
464 2331 509 2393 lv,
532 2338 554 2393 Ι,
570 2333 595 2381 ³.
625 2357 651 2367 -
678 2331 722 2383 ¹iili
740 2330 855 2397 simplici
872 2329 942 2381 uid.
966 2356 1003 2369 -
1026 2337 1173 2395 ausuque
1184 2330 1298 2393 salsa·
1313 2328 1385 2379 Sel.
1477 2325 1478 2336 ¹

211 2399 480 2465 umnpscsutsissn
506 2397 560 2448 Ml·
663 2401 690 2448 1.
719 2397 830 2515 sinfilcs
848 2399 916 2464 (um.
933 2400 987 2455 est)
1007 2394 1063 2446 ua.
1094 2423 1129 2433 -
1155 2396 1318 2448 nultiert.
1347 2420 1385 2433 -

214 2464 338 2518 'testatur
354 2465 436 2516 erilis
452 2464 483 2515 Ρ.
511 2490 541 2501 -
566 2462 645 2516 issilla
662 2464 742 2534 gula
787 2467 815 2515 2
916 2466 943 2515 e
972 2464 1091 2515 enaiim
1108 2478 1162 2515 oui.
1180 2478 1206 2515 r.
1233 2488 1266 2501 -
1293 2466 1385 2531 Aegeu

575 2566 578 2573 s

211 2614 271 2727 Mt.
315 2616 487 2729 palinodiam
521 2616 625 2682 esame]
662 2614 770 2666 Essem.
822 2630 871 2666 sus
889 2618 948 2674 est,
964 2628 1012 2675 se,
1028 2611 1155 2677 qumvis
1174 2610 1382 2678 impatientem,

253 2694 269 2729 Β
291 2716 298 2729 ·
331 2718 337 2738 s

208 2696 374 2825 puliciailiaiii
392 2763 496 2809 cassera,
515 2754 559 2797 est
576 2749 717 2797 diversum
735 2746 770 2797 ab
821 2748 909 2799 luerit
925 2746 1132 2815 impatientiae,
1159 2761 1243 2811 quaes
1262 2745 1333 2796 dicit
1349 2760 1382 2795 se

211 2810 248 2860 iis
266 2825 337 2874 quae
361 2811 440 2875 prius
462 2812 568 2862 dixeris
590 2812 700 2874 dicere,
726 2817 770 2864 at·
820 2814 867 2866 vis
887 2813 1012 2880 potuisse
1032 2812 1195 2879 reprimere.

210 2890 264 2953 spire
288 2873 315 2924 in
334 2876 506 2926 eontrarium
524 2882 634 2926 sectere
657 2882 770 2929 senten·
854 2881 888 2931 ab
905 2880 1064 2931 auctoritate
1081 2886 1169 2931 uestris
1188 2917 1213 2931 ..
1237 2881 1382 2947 tapsum

209 2942 308 3009 tiemlf‘
354 2940 427 2990 Voce
475 2942 595 2993 alincdia
627 2958 695 2994 usiis
726 2949 771 2995 est
819 2946 908 3011 enta]
934 2946 1088 2999 Dicendum
1106 2951 1169 2997 eret
1187 2954 1249 2998 snt:
1275 2948 1383 2998 avoir·

209 3004 294 3054 etiam
317 2958 541 3058 cresconides.
566 3008 606 3071 ll,
621 3012 648 3071 s,
667 3014 696 3071 l3
722 3010 769 3075 iv,
819 3020 847 3063 ct
865 3029 883 3063 is
897 3020 1032 3077 praetore,
1062 3018 1126 3063 aeti
1152 3016 1313 3066 auctoritate
1331 3028 1380 3065 ve-

208 3074 235 3133 u,
253 3071 372 3151 'styli’
388 3077 415 3137 1,
435 3076 464 3139 13
491 3072 539 3127 ulii
564 3076 637 3126 solet
661 3076 769 3128 llrsece
818 3086 876 3130 stra
895 3081 924 3126 et
941 3078 1028 3129 edicte
1036 3080 1181 3158 praetoris.

209 3137 306 3189 scribi.
734 3190 738 3197 ,
870 3143 993 3210 raucus]
1035 3144 1173 3197 iudiciuin
1212 3146 1381 3199 exerentis.

242 3205 370 3273 prolusio]
403 3210 448 3259 est
480 3206 657 3270 eseecltatloi
694 3206 768 3275 apud
854 3208 940 3261 .ctc.
958 3226 986 3276 p.
1002 3211 1087 3263 dccli.
1105 3217 1133 3275 2,
1149 3218 1176 3264 ³.

210 3272 374 3323 ciceronem
399 3273 434 3324 de
460 3289 501 3326 or.
525 3274 568 3337 ll,
586 3279 636 3339 80,
654 3278 713 3327 aad.
739 3280 770 3328 et
850 3285 991 3344 patroessi
1014 3315 1039 3330 ..
1062 3279 1215 3347 profitetur]
1239 3278 1302 3332 vis.
1318 3286 1380 3334 net

210 3338 348 3391 Divinis
365 3338 447 3393 (laec.
471 3344 519 3405 11,
536 3344 578 3392 ir.
605 3357 638 3393 es
660 3346 768 3396 tentum
818 3344 854 3397 ed
869 3361 893 3396 e.
913 3346 1024 3408 1,(511.

210 3420 282 3471 quae
298 3406 389 3473 ipsum
405 3424 528 3475 pugnaui
544 3409 699 3461 antecedat.
852 3414 878 3462 d.
912 3412 941 3463 iii
968 3409 1066 3493 priua]
1094 3409 1113 3463 l.
1136 3426 1161 3463 e.
1186 3412 1215 3465 iii
1243 3413 1280 3467 iis
1305 3430 1381 3482 quse

244 3489 322 3525 seusu
339 3482 364 3526 ct
380 3474 498 3543 incestu]
515 3474 559 3527 ct.
574 3476 596 3539 l,
613 3480 658 3539 11,
676 3480 715 3527 lt.
819 3476 910 3547 primo
927 3479 990 3529 locu
1008 3476 1088 3529 dixit

596 867 653 930 uit:
697 864 830 942 llellum,
854 864 969 948 inquit,
996 865 1116 930 duobus
1137 863 1212 927 mibi
1235 862 1383 927 amicissi-
1477 883 1478 890 ¹

353 2686 380 2744 9,
399 2686 443 2731 cs.
458 2683 662 2750 „nauantem
681 2682 709 2731 id
728 2683 786 2730 est'
822 2699 880 2733 rein
899 2680 1060 2747 pertulisse,
1076 2686 1108 2729 ut
1123 2678 1217 2745 patius
1231 2678 1383 2729 dicendis-
1477 2737 1478 2744 ἵ

243 3542 269 3591 5.
296 3542 506 3609 exauctoratum]
524 3542 567 3594 (ll.
585 3542 610 3607 1,
625 3548 652 3609 t,
670 3542 768 3595 lt'es-
853 3546 1045 3613 expugnari..
1064 3543 1217 3612 essitstcsi]
1248 3546 1380 3600 comine-
1477 3575 1478 3586 .

209 3614 382 3661 auctorata
394 3625 412 3660 a
422 3610 540 3689 sequenti
550 3610 768 3675 aetate(rerbe).
818 3609 882 3663 dias
897 3612 952 3663 liae
966 3611 1081 3662 verbum
1099 3611 1222 3664 retertur
1237 3614 1272 3667 eil
1287 3614 1380 3668 suini

244 3675 269 3723 d.
303 3689 321 3725 a
342 3690 370 3725 se
389 3676 506 3741 osstcsusi
531 3677 697 3743 deprecatus]
725 3676 769 3728 Cl.
818 3678 1051 3745 virtutes,utap.
1069 3676 1379 3747 creponensem.

209 3735 271 3789 cie.
287 3739 317 3791 iu
335 3741 412 3791 Veii.
432 3741 475 3805 ll,
495 3745 521 3806 Ι,
538 3746 582 3805 60,
603 3748 659 3795 iet.
679 3744 706 3795 li
724 3743 768 3794 ul·
818 3759 1015 3814 expugnare
1030 3745 1197 3811 pudicitiam.

209 3805 264 3857 lain
282 3822 300 3857 u
321 3822 389 3858 ieie
405 3808 585 3861 calamitatem
601 3812 697 3877 poterit
715 3810 768 3861 de·
851 3816 877 3862 1.
912 3812 1072 3863 animalibus
1094 3814 1185 3880 neus]
1213 3814 1234 3865 i.
1260 3830 1285 3867 e.
1315 3822 1383 3883 τοῖς

206 3872 358 3939 precari?
375 3880 403 3925 et
419 3873 447 3925 in
462 3874 545 3926 Galil.
563 3875 586 3941 l,
605 3880 646 3937 11,
664 3880 707 3928 11.
732 3878 767 3931 Ut
814 3870 934 3945 ἀλόγοις.
970 3878 1049 3942 (11.5
1069 3882 1108 3929 ll.
1141 3880 1190 3932 lib.
1210 3881 1255 3945 lV,
1273 3900 1298 3936 c.
1315 3890 1381 3955 Μ

210 3952 228 3989 a
252 3954 297 3991 sne
328 3976 353 3991 ..
382 3942 570 4007 querimoniam
596 3945 708 3997 delecter
733 3960 766 3995 ue
816 3943 1381 4016 io.etSeuecap.iai‚aiqq.,1siei

210 4003 376 4071 deprecer.
816 4010 922 4077 plurali
946 4028 1062 4063 iiuinera
1089 4013 1196 4080 legitur
1215 4026 1289 4070 usta
1310 4024 1379 4073 ses·-

242 4072 412 4139 atalanten]
438 4072 482 4153 (il-
502 4073 608 4127 comni.
625 4074 653 4139 1,
673 4077 719 4139 iu,
740 4078 764 4124 1.
814 4078 913 4139 sidia,
931 4083 960 4130 et
978 4078 1119 4146 singulari
1141 4090 1243 4135 ecstasi
1260 4088 1378 4153 cainan,
1477 4115 1478 4128 .

207 4136 501 4191 abeiautciatititi'a.
815 4141 857 4195 lte
875 4147 907 4195 iil
924 4159 960 4211 op
980 4150 1098 4199 onsntui·
1115 4151 1278 4219 caumello,
1306 4154 1327 4205 1.
1346 4171 1377 4209 e.
1477 4167 1478 4170 ’

242 4203 361 4257 lanuini
382 4206 527 4271 succubuit]
553 4206 572 4256 i.
589 4222 613 4254 a.
632 4220 685 4257 nori
705 4222 766 4258 em·
815 4208 900 4261 bunio
915 4218 945 4262 et
979 4228 1039 4265 eus.

208 4266 285 4327 plius
303 4270 393 4333 potuit
413 4271 552 4322 resistere.
588 4270 631 4322 Cl.
652 4272 702 4334 ill,
724 4278 764 4336 io,
848 4278 965 4329 culidem
984 4280 1169 4349 ..stig-idriis]
1187 4281 1321 4350 01111.

208 4334 231 4375 i.
269 4334 437 4411 Exclamavit
467 4338 623 4416 Euangelus
655 4340 701 4390 diii
737 4354 766 4391 sc
846 4344 963 4410 caudice]
988 4344 1007 4398 i.
1029 4362 1054 4399 e.
1080 4348 1234 4404 condienda
1259 4364 1377 4419 mpe-

207 4396 417 4450 succubuisse
438 4404 603 4466 posteritati
630 4404 678 4456 alil
697 4419 764 4456 seii·
812 4420 889 4461 aere.
1131 4417 1133 4420 '
