<?xml version="1.0" encoding="UTF-8"?>
<!DOCTYPE html PUBLIC "-//W3C//DTD XHTML 1.0 Transitional//EN"
    "http://www.w3.org/TR/xhtml1/DTD/xhtml1-transitional.dtd">
<html xmlns="http://www.w3.org/1999/xhtml" xml:lang="en" lang="en">
 <head>
  <title>
</title>
<meta http-equiv="Content-Type" content="text/html;charset=utf-8" />
  <meta name='ocr-system' content='tesseract 3.04.00' />
  <meta name='ocr-capabilities' content='ocr_page ocr_carea ocr_par ocr_line ocrx_word'/>
</head>
<body>
  <div class='ocr_page' id='page_1' title='image "./macrobiiambrosi01jangoog_0620.png"; bbox 0 0 2992 4867; ppageno 0'>
   <div class='ocr_carea' id='block_1_1' title="bbox 261 52 950 127">
    <p class='ocr_par' dir='ltr' id='par_1_1' title="bbox 261 52 950 127">
     <span class='ocr_line' id='line_1_1' title="bbox 261 52 950 127; baseline -0.013 0"><span class='ocrx_word' id='word_1_1' title='bbox 261 56 324 127; x_wconf 81' lang='lat'><strong>588</strong></span> <span class='ocrx_word' id='word_1_2' title='bbox 474 120 477 125; x_wconf 83' lang='lat'>.</span> <span class='ocrx_word' id='word_1_3' title='bbox 529 114 533 121; x_wconf 94' lang='grc'><strong>.</strong></span> <span class='ocrx_word' id='word_1_4' title='bbox 736 52 950 121; x_wconf 70' lang='lat' dir='ltr'><strong>meroen</strong></span> 
     </span>
    </p>
   </div>
   <div class='ocr_carea' id='block_1_2' title="bbox 208 213 1426 388">
    <p class='ocr_par' dir='ltr' id='par_1_2' title="bbox 208 213 1426 388">
     <span class='ocr_line' id='line_1_2' title="bbox 259 213 1426 371; baseline -0.009 -79"><span class='ocrx_word' id='word_1_5' title='bbox 259 225 399 371; x_wconf 82' lang='lat' dir='ltr'><strong>voluptas</strong></span> <span class='ocrx_word' id='word_1_6' title='bbox 420 242 483 285; x_wconf 91' lang='lat' dir='ltr'><strong>nou</strong></span> <span class='ocrx_word' id='word_1_7' title='bbox 504 238 577 285; x_wconf 85' lang='lat' dir='ltr'><strong>mox</strong></span> <span class='ocrx_word' id='word_1_8' title='bbox 597 220 720 285; x_wconf 89' lang='lat' dir='ltr'><strong>nomine</strong></span> <span class='ocrx_word' id='word_1_9' title='bbox 742 222 809 307; x_wconf 83' lang='lat' dir='ltr'><strong>ipro</strong></span> <span class='ocrx_word' id='word_1_10' title='bbox 825 213 950 287; x_wconf 83' lang='lat' dir='ltr'><strong>infamis</strong></span> <span class='ocrx_word' id='word_1_11' title='bbox 974 228 1037 297; x_wconf 86' lang='lat' dir='ltr'><strong>est,</strong></span> <span class='ocrx_word' id='word_1_12' title='bbox 1070 218 1126 285; x_wconf 90' lang='lat' dir='ltr'><strong>sed</strong></span> <span class='ocrx_word' id='word_1_13' title='bbox 1149 219 1185 283; x_wconf 80' lang='lat' dir='ltr'><strong>dt</strong></span> <span class='ocrx_word' id='word_1_14' title='bbox 1205 218 1300 285; x_wconf 90' lang='lat' dir='ltr'><strong>modo</strong></span> <span class='ocrx_word' id='word_1_15' title='bbox 1322 220 1426 285; x_wconf 90' lang='lat' dir='ltr'><strong>utendi</strong></span> 
     </span>
     <span class='ocr_line' id='line_1_3' title="bbox 208 304 1426 388; baseline -0.007 -12"><span class='ocrx_word' id='word_1_16' title='bbox 208 310 305 383; x_wconf 65' lang='lat' dir='ltr'><strong>wael</strong></span> <span class='ocrx_word' id='word_1_17' title='bbox 351 314 459 373; x_wconf 84' lang='lat' dir='ltr'><strong>onesta</strong></span> <span class='ocrx_word' id='word_1_18' title='bbox 482 304 527 371; x_wconf 84' lang='lat' dir='ltr'><strong>vel</strong></span> <span class='ocrx_word' id='word_1_19' title='bbox 556 304 718 388; x_wconf 88' lang='lat' dir='ltr'><strong>arguenda.</strong></span> <span class='ocrx_word' id='word_1_20' title='bbox 768 307 882 371; x_wconf 89' lang='lat' dir='ltr'><strong>Parum</strong></span> <span class='ocrx_word' id='word_1_21' title='bbox 909 313 972 383; x_wconf 86' lang='lat' dir='ltr'><strong>est,</strong></span> <span class='ocrx_word' id='word_1_22' title='bbox 1006 304 1033 370; x_wconf 91' lang='lat' dir='ltr'><strong>si</strong></span> <span class='ocrx_word' id='word_1_23' title='bbox 1063 311 1206 369; x_wconf 81' lang='lat' dir='ltr'><strong>excusata</strong></span> <span class='ocrx_word' id='word_1_24' title='bbox 1235 304 1276 369; x_wconf 91' lang='lat' dir='ltr'><strong>sit</strong></span> <span class='ocrx_word' id='word_1_25' title='bbox 1305 311 1339 369; x_wconf 88' lang='lat' dir='ltr'><strong>et</strong></span> <span class='ocrx_word' id='word_1_26' title='bbox 1368 326 1426 367; x_wconf 91' lang='lat' dir='ltr'><strong>non</strong></span> 
     </span>
    </p>
   </div>
   <div class='ocr_carea' id='block_1_3' title="bbox 259 388 1429 816">
    <p class='ocr_par' dir='ltr' id='par_1_3' title="bbox 259 388 1429 816">
     <span class='ocr_line' id='line_1_4' title="bbox 259 388 1428 476; baseline -0.003 -19"><span class='ocrx_word' id='word_1_27' title='bbox 259 393 351 458; x_wconf 87' lang='lat' dir='ltr'><strong>etiam</strong></span> <span class='ocrx_word' id='word_1_28' title='bbox 374 391 515 455; x_wconf 76' lang='lat' dir='ltr'><strong>laudetur</strong></span> <span class='ocrx_word' id='word_1_29' title='bbox 539 389 688 474; x_wconf 81' lang='lat' dir='ltr'><strong>voluptas</strong></span> <span class='ocrx_word' id='word_1_30' title='bbox 731 390 807 455; x_wconf 87' lang='lat' dir='ltr'><strong>Nam</strong></span> <span class='ocrx_word' id='word_1_31' title='bbox 832 388 920 455; x_wconf 92' lang='lat' dir='ltr'><strong>cibus</strong></span> <span class='ocrx_word' id='word_1_32' title='bbox 942 389 1089 476; x_wconf 92' lang='lat' dir='ltr'><strong>quicum</strong></span> <span class='ocrx_word' id='word_1_33' title='bbox 1118 388 1274 473; x_wconf 81' lang='lat' dir='ltr'><strong>voluptate</strong></span> <span class='ocrx_word' id='word_1_34' title='bbox 1296 388 1428 453; x_wconf 81' lang='lat' dir='ltr'><strong>sumitur</strong></span> 
     </span>
     <span class='ocr_line' id='line_1_5' title="bbox 259 472 1427 559; baseline -0.005 -16"><span class='ocrx_word' id='word_1_35' title='bbox 259 476 410 543; x_wconf 89' lang='lat' dir='ltr'><strong>desiderio</strong></span> <span class='ocrx_word' id='word_1_36' title='bbox 437 480 552 541; x_wconf 86' lang='lat' dir='ltr'><strong>tractus</strong></span> <span class='ocrx_word' id='word_1_37' title='bbox 579 474 610 538; x_wconf 92' lang='lat' dir='ltr'><strong>in</strong></span> <span class='ocrx_word' id='word_1_38' title='bbox 638 482 774 539; x_wconf 82' lang='lat' dir='ltr'><strong>ventrem</strong></span> <span class='ocrx_word' id='word_1_39' title='bbox 802 474 981 539; x_wconf 74' lang='lat' dir='ltr'><strong>reconditur</strong></span> <span class='ocrx_word' id='word_1_40' title='bbox 1008 473 1110 559; x_wconf 87' lang='lat' dir='ltr'><strong>patula</strong></span> <span class='ocrx_word' id='word_1_41' title='bbox 1140 472 1351 558; x_wconf 75' lang='lat' dir='ltr'><strong>expectatione</strong></span> <span class='ocrx_word' id='word_1_42' title='bbox 1383 494 1427 537; x_wconf 87' lang='lat' dir='ltr'><strong>ra·</strong></span> 
     </span>
     <span class='ocr_line' id='line_1_6' title="bbox 259 556 1428 648; baseline -0.004 -21"><span class='ocrx_word' id='word_1_43' title='bbox 259 562 411 648; x_wconf 90' lang='lat' dir='ltr'><strong>pientem,</strong></span> <span class='ocrx_word' id='word_1_44' title='bbox 431 566 462 624; x_wconf 92' lang='lat' dir='ltr'><strong>et</strong></span> <span class='ocrx_word' id='word_1_45' title='bbox 484 558 557 624; x_wconf 92' lang='lat' dir='ltr'><strong>dum</strong></span> <span class='ocrx_word' id='word_1_46' title='bbox 577 556 715 625; x_wconf 80' lang='lat' dir='ltr'><strong>animose</strong></span> <span class='ocrx_word' id='word_1_47' title='bbox 731 558 856 636; x_wconf 78' lang='lat' dir='ltr'><strong>fruitur,</strong></span> <span class='ocrx_word' id='word_1_48' title='bbox 877 580 948 623; x_wconf 83' lang='lat' dir='ltr'><strong>mor</strong></span> <span class='ocrx_word' id='word_1_49' title='bbox 969 577 1039 623; x_wconf 92' lang='lat' dir='ltr'><strong>eum</strong></span> <span class='ocrx_word' id='word_1_50' title='bbox 1061 556 1242 641; x_wconf 75' lang='lat' dir='ltr'><strong>concoquit:</strong></span> <span class='ocrx_word' id='word_1_51' title='bbox 1261 556 1346 643; x_wconf 88' lang='lat' dir='ltr'><strong>quod</strong></span> <span class='ocrx_word' id='word_1_52' title='bbox 1367 579 1428 622; x_wconf 91' lang='lat' dir='ltr'><strong>ncn</strong></span> 
     </span>
     <span class='ocr_line' id='line_1_7' title="bbox 259 640 1427 730; baseline -0.006 -18"><span class='ocrx_word' id='word_1_53' title='bbox 259 667 297 712; x_wconf 85' lang='lat' dir='ltr'><strong>er</strong></span> <span class='ocrx_word' id='word_1_54' title='bbox 317 666 417 730; x_wconf 89' lang='lat' dir='ltr'><strong>aequo</strong></span> <span class='ocrx_word' id='word_1_55' title='bbox 438 643 514 709; x_wconf 83' lang='lat' dir='ltr'><strong>cibis</strong></span> <span class='ocrx_word' id='word_1_56' title='bbox 539 640 641 709; x_wconf 86' lang='lat' dir='ltr'><strong>evcnit</strong></span> <span class='ocrx_word' id='word_1_57' title='bbox 665 664 743 728; x_wconf 90' lang='lat' dir='ltr'><strong>quos</strong></span> <span class='ocrx_word' id='word_1_58' title='bbox 765 644 848 709; x_wconf 82' lang='lat' dir='ltr'><strong>nulla</strong></span> <span class='ocrx_word' id='word_1_59' title='bbox 870 643 918 708; x_wconf 88' lang='lat' dir='ltr'><strong>rui</strong></span> <span class='ocrx_word' id='word_1_60' title='bbox 940 642 1071 707; x_wconf 74' lang='lat' dir='ltr'><strong>duloedn</strong></span> <span class='ocrx_word' id='word_1_61' title='bbox 1097 641 1316 707; x_wconf 85' lang='lat' dir='ltr'><strong>commendat·</strong></span> <span class='ocrx_word' id='word_1_62' title='bbox 1344 641 1427 721; x_wconf 85' lang='lat' dir='ltr'><strong>Quid</strong></span> 
     </span>
     <span class='ocr_line' id='line_1_8' title="bbox 262 726 1429 816; baseline -0.004 -20"><span class='ocrx_word' id='word_1_63' title='bbox 262 752 335 816; x_wconf 87' lang='lat' dir='ltr'><strong>ergo</strong></span> <span class='ocrx_word' id='word_1_64' title='bbox 357 750 483 795; x_wconf 88' lang='lat' dir='ltr'><strong>accusas</strong></span> <span class='ocrx_word' id='word_1_65' title='bbox 506 727 681 793; x_wconf 85' lang='lat' dir='ltr'><strong>varietatem</strong></span> <span class='ocrx_word' id='word_1_66' title='bbox 707 727 795 813; x_wconf 87' lang='lat' dir='ltr'><strong>quasi</strong></span> <span class='ocrx_word' id='word_1_67' title='bbox 814 728 904 812; x_wconf 89' lang='lat' dir='ltr'><strong>gulae</strong></span> <span class='ocrx_word' id='word_1_68' title='bbox 922 726 1157 807; x_wconf 70' lang='lat' dir='ltr'><strong>irritamentum,</strong></span> <span class='ocrx_word' id='word_1_69' title='bbox 1192 747 1263 791; x_wconf 85' lang='lat' dir='ltr'><strong>curn</strong></span> <span class='ocrx_word' id='word_1_70' title='bbox 1282 727 1368 791; x_wconf 88' lang='lat' dir='ltr'><strong>salus</strong></span> <span class='ocrx_word' id='word_1_71' title='bbox 1392 727 1429 791; x_wconf 92' lang='lat' dir='ltr'><strong>sit</strong></span> 
     </span>
    </p>
   </div>
   <div class='ocr_carea' id='block_1_4' title="bbox 208 810 1429 1989">
    <p class='ocr_par' dir='ltr' id='par_1_4' title="bbox 208 810 1429 1584">
     <span class='ocr_line' id='line_1_9' title="bbox 260 810 1427 897; baseline -0.006 -15"><span class='ocrx_word' id='word_1_72' title='bbox 260 814 393 882; x_wconf 87' lang='lat' dir='ltr'><strong>bominis</strong></span> <span class='ocrx_word' id='word_1_73' title='bbox 415 812 516 897; x_wconf 85' lang='lat' dir='ltr'><strong>vigere</strong></span> <span class='ocrx_word' id='word_1_74' title='bbox 537 812 759 897; x_wconf 88' lang='lat' dir='ltr'><strong>adpetentiam,</strong></span> <span class='ocrx_word' id='word_1_75' title='bbox 787 832 849 897; x_wconf 88' lang='lat' dir='ltr'><strong>qua</strong></span> <span class='ocrx_word' id='word_1_76' title='bbox 871 810 1031 877; x_wconf 83' lang='lat' dir='ltr'><strong>deficiente</strong></span> <span class='ocrx_word' id='word_1_77' title='bbox 1051 812 1220 895; x_wconf 81' lang='lat' dir='ltr'><strong>languescit</strong></span> <span class='ocrx_word' id='word_1_78' title='bbox 1239 820 1272 875; x_wconf 93' lang='lat' dir='ltr'><strong>et</strong></span> <span class='ocrx_word' id='word_1_79' title='bbox 1292 810 1427 895; x_wconf 89' lang='lat' dir='ltr'><strong>periculo</strong></span> 
     </span>
     <span class='ocr_line' id='line_1_10' title="bbox 210 895 1428 985; baseline -0.004 -19"><span class='ocrx_word' id='word_1_80' title='bbox 210 906 252 971; x_wconf 87' lang='lat'><strong>30</strong></span> <span class='ocrx_word' id='word_1_81' title='bbox 261 901 296 966; x_wconf 87' lang='lat' dir='ltr'><strong>fit</strong></span> <span class='ocrx_word' id='word_1_82' title='bbox 317 898 461 985; x_wconf 75' lang='lat' dir='ltr'><strong>propior?</strong></span> <span class='ocrx_word' id='word_1_83' title='bbox 505 896 583 963; x_wconf 90' lang='lat' dir='ltr'><strong>Nam</strong></span> <span class='ocrx_word' id='word_1_84' title='bbox 606 898 686 962; x_wconf 89' lang='lat' dir='ltr'><strong>sicut</strong></span> <span class='ocrx_word' id='word_1_85' title='bbox 707 898 738 962; x_wconf 91' lang='lat' dir='ltr'><strong>in</strong></span> <span class='ocrx_word' id='word_1_86' title='bbox 762 897 837 963; x_wconf 90' lang='lat' dir='ltr'><strong>mari</strong></span> <span class='ocrx_word' id='word_1_87' title='bbox 858 897 1078 981; x_wconf 77' lang='lat' dir='ltr'><strong>gubernatores</strong></span> <span class='ocrx_word' id='word_1_88' title='bbox 1098 903 1193 960; x_wconf 79' lang='lat' dir='ltr'><strong>rento</strong></span> <span class='ocrx_word' id='word_1_89' title='bbox 1213 916 1287 971; x_wconf 92' lang='lat' dir='ltr'><strong>suo,</strong></span> <span class='ocrx_word' id='word_1_90' title='bbox 1308 895 1428 961; x_wconf 64' lang='lat' dir='ltr'><strong>etiamn</strong></span> 
     </span>
     <span class='ocr_line' id='line_1_11' title="bbox 260 979 1429 1065; baseline -0.004 -15"><span class='ocrx_word' id='word_1_91' title='bbox 260 984 374 1057; x_wconf 87' lang='lat' dir='ltr'><strong>nimius</strong></span> <span class='ocrx_word' id='word_1_92' title='bbox 393 982 441 1060; x_wconf 91' lang='lat' dir='ltr'><strong>sit,</strong></span> <span class='ocrx_word' id='word_1_93' title='bbox 462 981 668 1053; x_wconf 86' lang='lat' dir='ltr'><strong>contrahendo</strong></span> <span class='ocrx_word' id='word_1_94' title='bbox 688 982 719 1047; x_wconf 88' lang='lat' dir='ltr'><strong>in</strong></span> <span class='ocrx_word' id='word_1_95' title='bbox 742 982 891 1047; x_wconf 84' lang='lat' dir='ltr'><strong>minorem</strong></span> <span class='ocrx_word' id='word_1_96' title='bbox 915 981 1041 1046; x_wconf 90' lang='lat' dir='ltr'><strong>modum</strong></span> <span class='ocrx_word' id='word_1_97' title='bbox 1057 980 1127 1046; x_wconf 80' lang='lat' dir='ltr'><strong>vela</strong></span> <span class='ocrx_word' id='word_1_98' title='bbox 1145 979 1384 1065; x_wconf 81' lang='lat' dir='ltr'><strong>praetervolant,</strong></span> <span class='ocrx_word' id='word_1_99' title='bbox 1400 990 1429 1045; x_wconf 89' lang='lat' dir='ltr'><strong>et</strong></span> 
     </span>
     <span class='ocr_line' id='line_1_12' title="bbox 260 1064 1427 1151; baseline -0.007 -16"><span class='ocrx_word' id='word_1_100' title='bbox 260 1070 385 1143; x_wconf 90' lang='lat' dir='ltr'><strong>llatum,</strong></span> <span class='ocrx_word' id='word_1_101' title='bbox 408 1087 477 1132; x_wconf 91' lang='lat' dir='ltr'><strong>curn</strong></span> <span class='ocrx_word' id='word_1_102' title='bbox 498 1072 546 1130; x_wconf 93' lang='lat' dir='ltr'><strong>est</strong></span> <span class='ocrx_word' id='word_1_103' title='bbox 567 1066 677 1144; x_wconf 88' lang='lat' dir='ltr'><strong>maior,</strong></span> <span class='ocrx_word' id='word_1_104' title='bbox 699 1074 856 1144; x_wconf 88' lang='lat' dir='ltr'><strong>coercent,</strong></span> <span class='ocrx_word' id='word_1_105' title='bbox 878 1066 1012 1151; x_wconf 92' lang='lat' dir='ltr'><strong>sopitum</strong></span> <span class='ocrx_word' id='word_1_106' title='bbox 1032 1086 1105 1131; x_wconf 84' lang='lat' dir='ltr'><strong>rere</strong></span> <span class='ocrx_word' id='word_1_107' title='bbox 1126 1064 1258 1129; x_wconf 81' lang='lat' dir='ltr'><strong>excitare</strong></span> <span class='ocrx_word' id='word_1_108' title='bbox 1273 1086 1339 1129; x_wconf 91' lang='lat' dir='ltr'><strong>nnn</strong></span> <span class='ocrx_word' id='word_1_109' title='bbox 1354 1083 1427 1149; x_wconf 76' lang='lat' dir='ltr'><strong>pos</strong></span> 
     </span>
     <span class='ocr_line' id='line_1_13' title="bbox 260 1148 1427 1235; baseline -0.003 -16"><span class='ocrx_word' id='word_1_110' title='bbox 260 1160 347 1219; x_wconf 88' lang='lat' dir='ltr'><strong>sunt:</strong></span> <span class='ocrx_word' id='word_1_111' title='bbox 370 1152 413 1217; x_wconf 90' lang='lat' dir='ltr'><strong>ita</strong></span> <span class='ocrx_word' id='word_1_112' title='bbox 436 1158 468 1215; x_wconf 92' lang='lat' dir='ltr'><strong>et</strong></span> <span class='ocrx_word' id='word_1_113' title='bbox 485 1148 669 1235; x_wconf 85' lang='lat' dir='ltr'><strong>adpetentia,</strong></span> <span class='ocrx_word' id='word_1_114' title='bbox 686 1172 757 1217; x_wconf 89' lang='lat' dir='ltr'><strong>cum</strong></span> <span class='ocrx_word' id='word_1_115' title='bbox 779 1150 919 1221; x_wconf 88' lang='lat' dir='ltr'><strong>titillatur</strong></span> <span class='ocrx_word' id='word_1_116' title='bbox 938 1159 971 1216; x_wconf 90' lang='lat' dir='ltr'><strong>et</strong></span> <span class='ocrx_word' id='word_1_117' title='bbox 988 1149 1107 1226; x_wconf 88' lang='lat' dir='ltr'><strong>crescit,</strong></span> <span class='ocrx_word' id='word_1_118' title='bbox 1122 1148 1258 1217; x_wconf 80' lang='lat' dir='ltr'><strong>‚rationis</strong></span> <span class='ocrx_word' id='word_1_119' title='bbox 1277 1150 1427 1233; x_wconf 88' lang='lat' dir='ltr'><strong>guberna·</strong></span> 
     </span>
     <span class='ocr_line' id='line_1_14' title="bbox 208 1233 1428 1319; baseline -0.005 -14"><span class='ocrx_word' id='word_1_120' title='bbox 208 1236 327 1308; x_wconf 76' lang='lat' dir='ltr'><strong>:tr-culo</strong></span> <span class='ocrx_word' id='word_1_121' title='bbox 347 1243 548 1319; x_wconf 91' lang='lat' dir='ltr'><strong>temperatur,</strong></span> <span class='ocrx_word' id='word_1_122' title='bbox 580 1235 605 1299; x_wconf 91' lang='lat' dir='ltr'><strong>si</strong></span> <span class='ocrx_word' id='word_1_123' title='bbox 628 1237 721 1301; x_wconf 92' lang='lat' dir='ltr'><strong>semel</strong></span> <span class='ocrx_word' id='word_1_124' title='bbox 743 1234 898 1314; x_wconf 89' lang='lat' dir='ltr'><strong>ceciderit,</strong></span> <span class='ocrx_word' id='word_1_125' title='bbox 930 1235 1041 1299; x_wconf 90' lang='lat' dir='ltr'><strong>animal</strong></span> <span class='ocrx_word' id='word_1_126' title='bbox 1062 1234 1258 1317; x_wconf 79' lang='lat' dir='ltr'><strong>extinguitur.</strong></span> <span class='ocrx_word' id='word_1_127' title='bbox 1301 1233 1336 1298; x_wconf 88' lang='lat' dir='ltr'><strong>Si</strong></span> <span class='ocrx_word' id='word_1_128' title='bbox 1355 1254 1428 1319; x_wconf 87' lang='lat' dir='ltr'><strong>ergo</strong></span> 
     </span>
     <span class='ocr_line' id='line_1_15' title="bbox 259 1317 1427 1406; baseline -0.004 -19"><span class='ocrx_word' id='word_1_129' title='bbox 259 1321 327 1387; x_wconf 91' lang='lat' dir='ltr'><strong>cibo</strong></span> <span class='ocrx_word' id='word_1_130' title='bbox 349 1320 477 1387; x_wconf 81' lang='lat' dir='ltr'><strong>vivimus</strong></span> <span class='ocrx_word' id='word_1_131' title='bbox 503 1327 534 1383; x_wconf 90' lang='lat' dir='ltr'><strong>et</strong></span> <span class='ocrx_word' id='word_1_132' title='bbox 559 1319 661 1385; x_wconf 90' lang='lat' dir='ltr'><strong>cibum</strong></span> <span class='ocrx_word' id='word_1_133' title='bbox 685 1319 860 1406; x_wconf 88' lang='lat' dir='ltr'><strong>adpetentia</strong></span> <span class='ocrx_word' id='word_1_134' title='bbox 882 1319 947 1385; x_wconf 89' lang='lat' dir='ltr'><strong>sola</strong></span> <span class='ocrx_word' id='word_1_135' title='bbox 969 1318 1178 1396; x_wconf 91' lang='lat' dir='ltr'><strong>commendat,</strong></span> <span class='ocrx_word' id='word_1_136' title='bbox 1208 1317 1427 1383; x_wconf 87' lang='lat' dir='ltr'><strong>elaborandum</strong></span> 
     </span>
     <span class='ocr_line' id='line_1_16' title="bbox 259 1403 1427 1489; baseline -0.003 -19"><span class='ocrx_word' id='word_1_137' title='bbox 259 1405 348 1471; x_wconf 86' lang='lat' dir='ltr'><strong>nobie</strong></span> <span class='ocrx_word' id='word_1_138' title='bbox 374 1412 421 1469; x_wconf 90' lang='lat' dir='ltr'><strong>est</strong></span> <span class='ocrx_word' id='word_1_139' title='bbox 446 1412 620 1477; x_wconf 83' lang='lat' dir='ltr'><strong>commento</strong></span> <span class='ocrx_word' id='word_1_140' title='bbox 645 1403 799 1471; x_wconf 85' lang='lat' dir='ltr'><strong>varietatis</strong></span> <span class='ocrx_word' id='word_1_141' title='bbox 827 1411 863 1469; x_wconf 91' lang='lat' dir='ltr'><strong>ut</strong></span> <span class='ocrx_word' id='word_1_142' title='bbox 882 1403 958 1469; x_wconf 84' lang='lat' dir='ltr'><strong>baec</strong></span> <span class='ocrx_word' id='word_1_143' title='bbox 983 1424 1104 1489; x_wconf 87' lang='lat' dir='ltr'><strong>semper</strong></span> <span class='ocrx_word' id='word_1_144' title='bbox 1128 1410 1326 1488; x_wconf 83' lang='lat' dir='ltr'><strong>provocetur,</strong></span> <span class='ocrx_word' id='word_1_145' title='bbox 1357 1422 1427 1467; x_wconf 87' lang='lat' dir='ltr'><strong>omn</strong></span> 
     </span>
     <span class='ocr_line' id='line_1_17' title="bbox 280 1487 1428 1584; baseline -0.003 -29"><span class='ocrx_word' id='word_1_146' title='bbox 280 1498 380 1555; x_wconf 90' lang='lat' dir='ltr'><strong>raesto</strong></span> <span class='ocrx_word' id='word_1_147' title='bbox 399 1489 439 1553; x_wconf 86' lang='lat' dir='ltr'><strong>sit</strong></span> <span class='ocrx_word' id='word_1_148' title='bbox 459 1488 538 1554; x_wconf 91' lang='lat' dir='ltr'><strong>ratio</strong></span> <span class='ocrx_word' id='word_1_149' title='bbox 558 1508 619 1574; x_wconf 89' lang='lat' dir='ltr'><strong>qua</strong></span> <span class='ocrx_word' id='word_1_150' title='bbox 640 1487 720 1554; x_wconf 86' lang='lat' dir='ltr'><strong>intra</strong></span> <span class='ocrx_word' id='word_1_151' title='bbox 740 1488 958 1555; x_wconf 85' lang='lat' dir='ltr'><strong>moderationis</strong></span> <span class='ocrx_word' id='word_1_152' title='bbox 979 1509 1053 1553; x_wconf 88' lang='lat' dir='ltr'><strong>suae</strong></span> <span class='ocrx_word' id='word_1_153' title='bbox 1069 1488 1216 1553; x_wconf 81' lang='lat' dir='ltr'><strong>temriuos</strong></span> <span class='ocrx_word' id='word_1_154' title='bbox 1233 1497 1428 1584; x_wconf 85' lang='lat' dir='ltr'><strong>temperetur.</strong></span> 
     </span>
    </p>

    <p class='ocr_par' dir='ltr' id='par_1_5' title="bbox 208 1572 1429 1989">
     <span class='ocr_line' id='line_1_18' title="bbox 208 1572 1428 1661; baseline -0.005 -18"><span class='ocrx_word' id='word_1_155' title='bbox 208 1579 250 1643; x_wconf 72' lang='lat'><strong>32</strong></span> <span class='ocrx_word' id='word_1_156' title='bbox 293 1572 460 1647; x_wconf 88' lang='lat' dir='ltr'><strong>emineritis</strong></span> <span class='ocrx_word' id='word_1_157' title='bbox 486 1580 588 1639; x_wconf 91' lang='lat' dir='ltr'><strong>tamen</strong></span> <span class='ocrx_word' id='word_1_158' title='bbox 616 1574 718 1661; x_wconf 93' lang='lat' dir='ltr'><strong>lepido</strong></span> <span class='ocrx_word' id='word_1_159' title='bbox 749 1596 799 1640; x_wconf 90' lang='lat' dir='ltr'><strong>me</strong></span> <span class='ocrx_word' id='word_1_160' title='bbox 830 1574 968 1640; x_wconf 81' lang='lat' dir='ltr'><strong>convivio</strong></span> <span class='ocrx_word' id='word_1_161' title='bbox 994 1573 1115 1651; x_wconf 92' lang='lat' dir='ltr'><strong>adesse,</strong></span> <span class='ocrx_word' id='word_1_162' title='bbox 1147 1594 1211 1637; x_wconf 91' lang='lat' dir='ltr'><strong>non</strong></span> <span class='ocrx_word' id='word_1_163' title='bbox 1236 1593 1340 1637; x_wconf 81' lang='lat' dir='ltr'><strong>anxio:</strong></span> <span class='ocrx_word' id='word_1_164' title='bbox 1373 1594 1428 1637; x_wconf 91' lang='lat' dir='ltr'><strong>nec</strong></span> 
     </span>
     <span class='ocr_line' id='line_1_19' title="bbox 259 1656 1429 1745; baseline -0.004 -20"><span class='ocrx_word' id='word_1_165' title='bbox 259 1660 303 1725; x_wconf 86' lang='lat' dir='ltr'><strong>sic</strong></span> <span class='ocrx_word' id='word_1_166' title='bbox 325 1659 454 1724; x_wconf 87' lang='lat' dir='ltr'><strong>admitto</strong></span> <span class='ocrx_word' id='word_1_167' title='bbox 473 1658 662 1736; x_wconf 86' lang='lat' dir='ltr'><strong>varietatem,</strong></span> <span class='ocrx_word' id='word_1_168' title='bbox 678 1667 714 1725; x_wconf 94' lang='lat' dir='ltr'><strong>ut</strong></span> <span class='ocrx_word' id='word_1_169' title='bbox 730 1660 835 1724; x_wconf 85' lang='lat' dir='ltr'><strong>lurum</strong></span> <span class='ocrx_word' id='word_1_170' title='bbox 856 1659 993 1745; x_wconf 90' lang='lat' dir='ltr'><strong>probem,</strong></span> <span class='ocrx_word' id='word_1_171' title='bbox 1013 1658 1067 1722; x_wconf 92' lang='lat' dir='ltr'><strong>ubi</strong></span> <span class='ocrx_word' id='word_1_172' title='bbox 1087 1665 1278 1741; x_wconf 88' lang='lat' dir='ltr'><strong>quaeruntur</strong></span> <span class='ocrx_word' id='word_1_173' title='bbox 1297 1656 1429 1721; x_wconf 79' lang='lat' dir='ltr'><strong>aestivae</strong></span> 
     </span>
     <span class='ocr_line' id='line_1_20' title="bbox 257 1740 1427 1827; baseline -0.003 -20"><span class='ocrx_word' id='word_1_174' title='bbox 257 1744 341 1810; x_wconf 81' lang='lat' dir='ltr'><strong>nives</strong></span> <span class='ocrx_word' id='word_1_175' title='bbox 363 1750 394 1807; x_wconf 89' lang='lat' dir='ltr'><strong>et</strong></span> <span class='ocrx_word' id='word_1_176' title='bbox 417 1742 563 1809; x_wconf 87' lang='lat' dir='ltr'><strong>hibernae</strong></span> <span class='ocrx_word' id='word_1_177' title='bbox 584 1763 684 1821; x_wconf 89' lang='lat' dir='ltr'><strong>rosae,</strong></span> <span class='ocrx_word' id='word_1_178' title='bbox 712 1751 758 1821; x_wconf 90' lang='lat' dir='ltr'><strong>et,</strong></span> <span class='ocrx_word' id='word_1_179' title='bbox 785 1743 857 1807; x_wconf 92' lang='lat' dir='ltr'><strong>dum</strong></span> <span class='ocrx_word' id='word_1_180' title='bbox 880 1742 976 1826; x_wconf 88' lang='lat' dir='ltr'><strong>magis</strong></span> <span class='ocrx_word' id='word_1_181' title='bbox 1001 1741 1134 1807; x_wconf 89' lang='lat' dir='ltr'><strong>ostentui</strong></span> <span class='ocrx_word' id='word_1_182' title='bbox 1159 1762 1252 1827; x_wconf 89' lang='lat' dir='ltr'><strong>quam</strong></span> <span class='ocrx_word' id='word_1_183' title='bbox 1272 1740 1344 1805; x_wconf 90' lang='lat' dir='ltr'><strong>usui</strong></span> <span class='ocrx_word' id='word_1_184' title='bbox 1365 1761 1427 1805; x_wconf 89' lang='lat' dir='ltr'><strong>ser·</strong></span> 
     </span>
     <span class='ocr_line' id='line_1_21' title="bbox 257 1823 1426 1909; baseline -0.003 -17"><span class='ocrx_word' id='word_1_185' title='bbox 257 1826 355 1904; x_wconf 82' lang='lat' dir='ltr'><strong>uitur,</strong></span> <span class='ocrx_word' id='word_1_186' title='bbox 382 1826 526 1893; x_wconf 85' lang='lat' dir='ltr'><strong>silvarum</strong></span> <span class='ocrx_word' id='word_1_187' title='bbox 548 1836 697 1891; x_wconf 88' lang='lat' dir='ltr'><strong>secretum</strong></span> <span class='ocrx_word' id='word_1_188' title='bbox 719 1847 811 1893; x_wconf 90' lang='lat' dir='ltr'><strong>omne</strong></span> <span class='ocrx_word' id='word_1_189' title='bbox 830 1826 977 1891; x_wconf 89' lang='lat' dir='ltr'><strong>lustratur</strong></span> <span class='ocrx_word' id='word_1_190' title='bbox 998 1834 1029 1890; x_wconf 90' lang='lat' dir='ltr'><strong>et</strong></span> <span class='ocrx_word' id='word_1_191' title='bbox 1050 1825 1209 1909; x_wconf 88' lang='lat' dir='ltr'><strong>peregrina</strong></span> <span class='ocrx_word' id='word_1_192' title='bbox 1231 1823 1326 1890; x_wconf 91' lang='lat' dir='ltr'><strong>maria</strong></span> <span class='ocrx_word' id='word_1_193' title='bbox 1345 1826 1426 1889; x_wconf 91' lang='lat' dir='ltr'><strong>solli-</strong></span> 
     </span>
     <span class='ocr_line' id='line_1_22' title="bbox 256 1908 1426 1989; baseline -0.003 -12"><span class='ocrx_word' id='word_1_194' title='bbox 256 1912 397 1978; x_wconf 86' lang='lat' dir='ltr'><strong>citantur.</strong></span> <span class='ocrx_word' id='word_1_195' title='bbox 441 1913 488 1977; x_wconf 89' lang='lat' dir='ltr'><strong>lta</strong></span> <span class='ocrx_word' id='word_1_196' title='bbox 507 1910 586 1977; x_wconf 88' lang='lat' dir='ltr'><strong>enim</strong></span> <span class='ocrx_word' id='word_1_197' title='bbox 608 1910 642 1975; x_wconf 81' lang='lat' dir='ltr'><strong>sn</strong></span> <span class='ocrx_word' id='word_1_198' title='bbox 661 1918 708 1989; x_wconf 89' lang='lat' dir='ltr'><strong>ut,</strong></span> <span class='ocrx_word' id='word_1_199' title='bbox 739 1908 858 1974; x_wconf 90' lang='lat' dir='ltr'><strong>etiamsi</strong></span> <span class='ocrx_word' id='word_1_200' title='bbox 878 1909 1038 1973; x_wconf 87' lang='lat' dir='ltr'><strong>sanitatem</strong></span> <span class='ocrx_word' id='word_1_201' title='bbox 1059 1910 1247 1975; x_wconf 79' lang='lat' dir='ltr'><strong>sumentium</strong></span> <span class='ocrx_word' id='word_1_202' title='bbox 1265 1910 1426 1975; x_wconf 87' lang='lat' dir='ltr'><strong>mediocri·</strong></span> 
     </span>
    </p>
   </div>
   <div class='ocr_carea' id='block_1_5' title="bbox 324 2102 526 2169">
    <p class='ocr_par' dir='ltr' id='par_1_6' title="bbox 324 2102 526 2169">
     <span class='ocr_line' id='line_1_23' title="bbox 324 2102 526 2169; baseline -0.005 -14"><span class='ocrx_word' id='word_1_203' title='bbox 324 2104 404 2169; x_wconf 74' lang='lat' dir='ltr'><strong>[un.</strong></span> <span class='ocrx_word' id='word_1_204' title='bbox 423 2102 526 2155; x_wconf 76' lang='lat' dir='ltr'><strong>lesu.</strong></span> 
     </span>
    </p>
   </div>
   <div class='ocr_carea' id='block_1_6' title="bbox 255 2182 1431 2389">
    <p class='ocr_par' dir='ltr' id='par_1_7' title="bbox 255 2182 1431 2389">
     <span class='ocr_line' id='line_1_24' title="bbox 255 2182 1431 2255; baseline -0.004 -16"><span class='ocrx_word' id='word_1_205' title='bbox 255 2188 292 2239; x_wconf 84' lang='lat' dir='ltr'><strong>trd</strong></span> <span class='ocrx_word' id='word_1_206' title='bbox 308 2185 494 2255; x_wconf 76' lang='lat' dir='ltr'><strong>penitentiam</strong></span> <span class='ocrx_word' id='word_1_207' title='bbox 510 2182 581 2243; x_wconf 82' lang='lat' dir='ltr'><strong>(del.</strong></span> <span class='ocrx_word' id='word_1_208' title='bbox 597 2185 641 2243; x_wconf 82' lang='lat' dir='ltr'><strong>rei)</strong></span> <span class='ocrx_word' id='word_1_209' title='bbox 660 2183 690 2235; x_wconf 78' lang='grc' dir='ltr'><strong>Α.</strong></span> <span class='ocrx_word' id='word_1_210' title='bbox 707 2210 742 2222; x_wconf 94' lang='grc'><strong>-</strong></span> <span class='ocrx_word' id='word_1_211' title='bbox 756 2184 888 2252; x_wconf 82' lang='lat' dir='ltr'><strong>proprior</strong></span> <span class='ocrx_word' id='word_1_212' title='bbox 904 2183 935 2235; x_wconf 79' lang='lat' dir='ltr'><strong>d.</strong></span> <span class='ocrx_word' id='word_1_213' title='bbox 1036 2186 1079 2235; x_wconf 79' lang='grc'><strong>80.</strong></span> <span class='ocrx_word' id='word_1_214' title='bbox 1098 2182 1185 2233; x_wconf 76' lang='lat' dir='ltr'><strong>natm</strong></span> <span class='ocrx_word' id='word_1_215' title='bbox 1200 2190 1239 2235; x_wconf 83' lang='lat' dir='ltr'><strong>ert</strong></span> <span class='ocrx_word' id='word_1_216' title='bbox 1256 2182 1323 2233; x_wconf 68' lang='grc' dir='ltr'><strong>ΕΜ.</strong></span> <span class='ocrx_word' id='word_1_217' title='bbox 1342 2185 1378 2235; x_wconf 84' lang='lat' dir='ltr'><strong>l’.</strong></span> <span class='ocrx_word' id='word_1_218' title='bbox 1398 2212 1431 2222; x_wconf 98' lang='lat'>-</span> 
     </span>
     <span class='ocr_line' id='line_1_25' title="bbox 256 2248 1431 2319; baseline -0.003 -12"><span class='ocrx_word' id='word_1_219' title='bbox 256 2254 390 2307; x_wconf 86' lang='lat' dir='ltr'><strong>deciderit</strong></span> <span class='ocrx_word' id='word_1_220' title='bbox 412 2250 441 2307; x_wconf 73' lang='lat' dir='ltr'><strong>S.</strong></span> <span class='ocrx_word' id='word_1_221' title='bbox 473 2278 507 2289; x_wconf 96' lang='lat'>-</span> <span class='ocrx_word' id='word_1_222' title='bbox 533 2252 673 2319; x_wconf 72' lang='lat' dir='ltr'><strong>erungnit</strong></span> <span class='ocrx_word' id='word_1_223' title='bbox 700 2250 755 2302; x_wconf 79' lang='grc' dir='ltr'><strong>ΑΡ.</strong></span> <span class='ocrx_word' id='word_1_224' title='bbox 856 2255 899 2303; x_wconf 85' lang='grc'><strong>81.</strong></span> <span class='ocrx_word' id='word_1_225' title='bbox 932 2264 987 2317; x_wconf 82' lang='lat' dir='ltr'><strong>prro</strong></span> <span class='ocrx_word' id='word_1_226' title='bbox 1010 2250 1069 2301; x_wconf 75' lang='lat' dir='ltr'><strong>tlt.</strong></span> <span class='ocrx_word' id='word_1_227' title='bbox 1109 2265 1165 2300; x_wconf 81' lang='lat' dir='ltr'><strong>om.</strong></span> <span class='ocrx_word' id='word_1_228' title='bbox 1190 2248 1220 2302; x_wconf 76' lang='lat' dir='ltr'><strong>S.</strong></span> <span class='ocrx_word' id='word_1_229' title='bbox 1262 2266 1338 2316; x_wconf 75' lang='lat' dir='ltr'><strong>parre</strong></span> <span class='ocrx_word' id='word_1_230' title='bbox 1364 2266 1431 2317; x_wconf 83' lang='lat' dir='ltr'><strong>r-g.</strong></span> 
     </span>
     <span class='ocr_line' id='line_1_26' title="bbox 255 2316 1430 2389; baseline -0.002 -16"><span class='ocrx_word' id='word_1_231' title='bbox 255 2323 332 2389; x_wconf 80' lang='lat' dir='ltr'><strong>paria</strong></span> <span class='ocrx_word' id='word_1_232' title='bbox 347 2318 426 2375; x_wconf 83' lang='grc' dir='ltr'><strong>ι-ΙιΡ.</strong></span> <span class='ocrx_word' id='word_1_233' title='bbox 527 2320 570 2370; x_wconf 67' lang='lat' dir='ltr'><strong>dd.</strong></span> <span class='ocrx_word' id='word_1_234' title='bbox 595 2318 687 2371; x_wconf 68' lang='lat' dir='ltr'><strong>terrra</strong></span> <span class='ocrx_word' id='word_1_235' title='bbox 704 2334 760 2371; x_wconf 84' lang='lat' dir='ltr'><strong>om.</strong></span> <span class='ocrx_word' id='word_1_236' title='bbox 778 2319 809 2370; x_wconf 80' lang='grc' dir='ltr'><strong>Α.</strong></span> <span class='ocrx_word' id='word_1_237' title='bbox 825 2345 861 2358; x_wconf 95' lang='grc'>-</span> <span class='ocrx_word' id='word_1_238' title='bbox 876 2318 988 2371; x_wconf 76' lang='lat' dir='ltr'><strong>rercitm</strong></span> <span class='ocrx_word' id='word_1_239' title='bbox 1005 2332 1060 2369; x_wconf 85' lang='lat' dir='ltr'><strong>our.</strong></span> <span class='ocrx_word' id='word_1_240' title='bbox 1077 2316 1107 2368; x_wconf 82' lang='grc' dir='ltr'><strong>Ρ.</strong></span> <span class='ocrx_word' id='word_1_241' title='bbox 1209 2320 1254 2368; x_wconf 79' lang='grc'><strong>83.</strong></span> <span class='ocrx_word' id='word_1_242' title='bbox 1282 2316 1430 2371; x_wconf 69' lang='lat' dir='ltr'><strong>ormena</strong></span> 
     </span>
    </p>
   </div>
   <div class='ocr_carea' id='block_1_7' title="bbox 255 2486 1427 2627">
    <p class='ocr_par' dir='ltr' id='par_1_8' title="bbox 255 2486 1427 2627">
     <span class='ocr_line' id='line_1_27' title="bbox 289 2486 1426 2563; baseline -0.009 -14"><span class='ocrx_word' id='word_1_243' title='bbox 289 2496 358 2563; x_wconf 82' lang='lat' dir='ltr'><strong>mor]</strong></span> <span class='ocrx_word' id='word_1_244' title='bbox 384 2510 456 2547; x_wconf 85' lang='lat' dir='ltr'><strong>nore</strong></span> <span class='ocrx_word' id='word_1_245' title='bbox 475 2494 558 2547; x_wconf 85' lang='lat' dir='ltr'><strong>modo</strong></span> <span class='ocrx_word' id='word_1_246' title='bbox 582 2494 688 2547; x_wconf 83' lang='lat' dir='ltr'><strong>dictum</strong></span> <span class='ocrx_word' id='word_1_247' title='bbox 706 2497 749 2547; x_wconf 88' lang='lat' dir='ltr'><strong>est</strong></span> <span class='ocrx_word' id='word_1_248' title='bbox 766 2510 818 2561; x_wconf 88' lang='lat' dir='ltr'><strong>pro</strong></span> <span class='ocrx_word' id='word_1_249' title='bbox 902 2491 1019 2544; x_wconf 73' lang='lat' dir='ltr'><strong>rectione</strong></span> <span class='ocrx_word' id='word_1_250' title='bbox 1035 2488 1118 2556; x_wconf 83' lang='lat' dir='ltr'><strong>nicer]</strong></span> <span class='ocrx_word' id='word_1_251' title='bbox 1136 2486 1180 2539; x_wconf 76' lang='lat' dir='ltr'><strong>Cf.</strong></span> <span class='ocrx_word' id='word_1_252' title='bbox 1197 2488 1261 2541; x_wconf 87' lang='lat' dir='ltr'><strong>Seu.</strong></span> <span class='ocrx_word' id='word_1_253' title='bbox 1279 2488 1312 2540; x_wconf 85' lang='lat' dir='ltr'><strong>N.</strong></span> <span class='ocrx_word' id='word_1_254' title='bbox 1331 2490 1367 2555; x_wconf 79' lang='lat' dir='ltr'><strong>Q.</strong></span> <span class='ocrx_word' id='word_1_255' title='bbox 1382 2491 1426 2553; x_wconf 88' lang='lat' dir='ltr'><strong>lv,</strong></span> 
     </span>
     <span class='ocr_line' id='line_1_28' title="bbox 255 2558 1427 2627; baseline -0.008 -12"><span class='ocrx_word' id='word_1_256' title='bbox 255 2565 385 2615; x_wconf 84' lang='lat' dir='ltr'><strong>continno.</strong></span> <span class='ocrx_word' id='word_1_257' title='bbox 422 2562 466 2614; x_wconf 84' lang='lat' dir='ltr'><strong>Gl.</strong></span> <span class='ocrx_word' id='word_1_258' title='bbox 489 2580 513 2615; x_wconf 89' lang='lat' dir='ltr'><strong>c.</strong></span> <span class='ocrx_word' id='word_1_259' title='bbox 532 2567 560 2625; x_wconf 79' lang='lat'><strong>8,</strong></span> <span class='ocrx_word' id='word_1_260' title='bbox 583 2562 596 2627; x_wconf 68' lang='lat' dir='ltr'>fi</span> <span class='ocrx_word' id='word_1_261' title='bbox 618 2564 658 2627; x_wconf 82' lang='grc'><strong>8,,</strong></span> <span class='ocrx_word' id='word_1_262' title='bbox 686 2560 735 2613; x_wconf 86' lang='lat' dir='ltr'><strong>ubi</strong></span> <span class='ocrx_word' id='word_1_263' title='bbox 758 2579 818 2613; x_wconf 72' lang='lat' dir='ltr'><strong>mor</strong></span> <span class='ocrx_word' id='word_1_264' title='bbox 869 2562 917 2622; x_wconf 72' lang='grc'><strong>18,</strong></span> <span class='ocrx_word' id='word_1_265' title='bbox 933 2562 959 2608; x_wconf 73' lang='lat'><em>2</em></span> <span class='ocrx_word' id='word_1_266' title='bbox 993 2558 1047 2609; x_wconf 86' lang='lat' dir='ltr'><strong>Nor</strong></span> <span class='ocrx_word' id='word_1_267' title='bbox 1071 2573 1132 2608; x_wconf 79' lang='lat' dir='ltr'><strong>cero</strong></span> <span class='ocrx_word' id='word_1_268' title='bbox 1156 2574 1316 2627; x_wconf 71' lang='lat' dir='ltr'><strong>promerear</strong></span> <span class='ocrx_word' id='word_1_269' title='bbox 1337 2559 1427 2623; x_wconf 73' lang='lat' dir='ltr'><strong>perier</strong></span> 
     </span>
    </p>
   </div>
   <div class='ocr_carea' id='block_1_8' title="bbox 255 2625 1426 2759">
    <p class='ocr_par' dir='ltr' id='par_1_9' title="bbox 255 2625 1426 2759">
     <span class='ocr_line' id='line_1_29' title="bbox 255 2625 1426 2705; baseline -0.005 -24"><span class='ocrx_word' id='word_1_270' title='bbox 255 2631 348 2683; x_wconf 84' lang='lat' dir='ltr'><strong>tritum</strong></span> <span class='ocrx_word' id='word_1_271' title='bbox 368 2632 442 2683; x_wconf 89' lang='lat' dir='ltr'><strong>idern</strong></span> <span class='ocrx_word' id='word_1_272' title='bbox 464 2630 539 2683; x_wconf 80' lang='lat' dir='ltr'><strong>velet</strong></span> <span class='ocrx_word' id='word_1_273' title='bbox 556 2646 606 2682; x_wconf 78' lang='lat' dir='ltr'><strong>ac:</strong></span> <span class='ocrx_word' id='word_1_274' title='bbox 625 2629 705 2681; x_wconf 79' lang='lat' dir='ltr'><strong>timul</strong></span> <span class='ocrx_word' id='word_1_275' title='bbox 721 2644 754 2681; x_wconf 81' lang='lat' dir='ltr'><strong>ne</strong></span> <span class='ocrx_word' id='word_1_276' title='bbox 769 2628 819 2680; x_wconf 85' lang='lat' dir='ltr'><strong>tri·</strong></span> <span class='ocrx_word' id='word_1_277' title='bbox 869 2626 997 2695; x_wconf 73' lang='lat' dir='ltr'><strong>quomodo</strong></span> <span class='ocrx_word' id='word_1_278' title='bbox 1018 2627 1087 2690; x_wconf 76' lang='lat' dir='ltr'><strong>finnt</strong></span> <span class='ocrx_word' id='word_1_279' title='bbox 1107 2625 1182 2705; x_wconf 73' lang='lat' dir='ltr'><strong>nicer</strong></span> <span class='ocrx_word' id='word_1_280' title='bbox 1199 2626 1426 2705; x_wconf 31' lang='lat' dir='ltr'><strong>peemnpuor&#39;rode</strong></span> 
     </span>
     <span class='ocr_line' id='line_1_30' title="bbox 256 2701 1426 2759; baseline -0.007 -10"><span class='ocrx_word' id='word_1_281' title='bbox 256 2705 311 2749; x_wconf 85' lang='lat' dir='ltr'><strong>tum</strong></span> <span class='ocrx_word' id='word_1_282' title='bbox 331 2705 379 2749; x_wconf 84' lang='lat' dir='ltr'><strong>ert.</strong></span> <span class='ocrx_word' id='word_1_283' title='bbox 869 2701 1017 2755; x_wconf 77' lang='lat' dir='ltr'><strong>cernentur,</strong></span> <span class='ocrx_word' id='word_1_284' title='bbox 1055 2708 1177 2759; x_wconf 77' lang='lat' dir='ltr'><strong>proneam</strong></span> <span class='ocrx_word' id='word_1_285' title='bbox 1279 2708 1426 2742; x_wconf 72' lang='grc' dir='ltr'><strong>ιιιιιιιιιιι</strong></span> 
     </span>
    </p>
   </div>
   <div class='ocr_carea' id='block_1_9' title="bbox 248 2758 1427 4431">
    <p class='ocr_par' dir='ltr' id='par_1_10' title="bbox 248 2758 1427 4431">
     <span class='ocr_line' id='line_1_31' title="bbox 255 2758 1426 2891; baseline 0.001 -16"><span class='ocrx_word' id='word_1_286' title='bbox 255 2758 817 2891; x_wconf 59' lang='lat' dir='ltr'><strong>a..tlatltlt„t‘t’tttttlll&#39;tttli</strong></span> <span class='ocrx_word' id='word_1_287' title='bbox 868 2760 1426 2879; x_wconf 64' lang='lat' dir='ltr'><strong>ttttttttt&#39;“lsttl&#39;ztt&#39;att</strong></span> 
     </span>
     <span class='ocr_line' id='line_1_32' title="bbox 254 2888 1425 2958; baseline 0.002 -17"><span class='ocrx_word' id='word_1_288' title='bbox 254 2892 318 2941; x_wconf 83' lang='lat' dir='ltr'><strong>lum</strong></span> <span class='ocrx_word' id='word_1_289' title='bbox 348 2894 519 2955; x_wconf 83' lang='lat' dir='ltr'><strong>(ventrem),</strong></span> <span class='ocrx_word' id='word_1_290' title='bbox 552 2896 582 2940; x_wconf 89' lang='lat' dir='ltr'><strong>nt</strong></span> <span class='ocrx_word' id='word_1_291' title='bbox 609 2888 651 2940; x_wconf 86' lang='lat' dir='ltr'><strong>ait</strong></span> <span class='ocrx_word' id='word_1_292' title='bbox 678 2890 816 2957; x_wconf 76' lang='lat' dir='ltr'><strong>Virgilius</strong></span> <span class='ocrx_word' id='word_1_293' title='bbox 866 2894 933 2943; x_wconf 80' lang='lat' dir='ltr'><strong>enni</strong></span> <span class='ocrx_word' id='word_1_294' title='bbox 944 2895 1076 2958; x_wconf 80' lang='lat' dir='ltr'><strong>servorem</strong></span> <span class='ocrx_word' id='word_1_295' title='bbox 1095 2893 1281 2957; x_wconf 77' lang='lat' dir='ltr'><strong>defenderetur</strong></span> <span class='ocrx_word' id='word_1_296' title='bbox 1300 2893 1351 2943; x_wconf 88' lang='lat' dir='ltr'><strong>loer&#39;</strong></span> <span class='ocrx_word' id='word_1_297' title='bbox 1370 2894 1425 2955; x_wconf 71' lang='lat' dir='ltr'><strong>tri·</strong></span> 
     </span>
     <span class='ocr_line' id='line_1_33' title="bbox 255 2956 940 3027; baseline 0.004 -22"><span class='ocrx_word' id='word_1_298' title='bbox 255 2956 360 3021; x_wconf 86' lang='lat' dir='ltr'><strong>Georg.</strong></span> <span class='ocrx_word' id='word_1_299' title='bbox 386 2956 413 3021; x_wconf 90' lang='lat' dir='ltr'><strong>l,</strong></span> <span class='ocrx_word' id='word_1_300' title='bbox 435 2959 495 3005; x_wconf 76' lang='lat' dir='ltr'><strong>uro.</strong></span> <span class='ocrx_word' id='word_1_301' title='bbox 533 2956 667 3007; x_wconf 75' lang='lat' dir='ltr'><strong>Patalis</strong></span> <span class='ocrx_word' id='word_1_302' title='bbox 696 2976 727 3009; x_wconf 85' lang='lat' dir='ltr'><strong>cn</strong></span> <span class='ocrx_word' id='word_1_303' title='bbox 747 2959 817 3011; x_wconf 78' lang='lat' dir='ltr'><strong>terit</strong></span> <span class='ocrx_word' id='word_1_304' title='bbox 864 2976 940 3027; x_wconf 76' lang='lat' dir='ltr'><strong>gere.</strong></span> 
     </span>
     <span class='ocr_line' id='line_1_34' title="bbox 253 2976 1426 3092; baseline 0.003 -19"><span class='ocrx_word' id='word_1_305' title='bbox 253 3022 392 3073; x_wconf 75' lang='lat' dir='ltr'><strong>noritur</strong></span> <span class='ocrx_word' id='word_1_306' title='bbox 409 3038 505 3088; x_wconf 82' lang='lat' dir='ltr'><strong>curor,</strong></span> <span class='ocrx_word' id='word_1_307' title='bbox 529 3028 556 3073; x_wconf 85' lang='lat' dir='ltr'><strong>ct</strong></span> <span class='ocrx_word' id='word_1_308' title='bbox 575 3020 708 3075; x_wconf 84' lang='lat' dir='ltr'><strong>lloratiua</strong></span> <span class='ocrx_word' id='word_1_309' title='bbox 725 2976 814 3092; x_wconf 59' lang='lat' dir='ltr'><strong>sspirt.</strong></span> <span class='ocrx_word' id='word_1_310' title='bbox 898 3026 1023 3075; x_wconf 82' lang='lat' dir='ltr'><strong>lrr&#39;dernoc</strong></span> <span class='ocrx_word' id='word_1_311' title='bbox 1047 3024 1134 3090; x_wconf 78' lang='lat' dir='ltr'><strong>rcere]</strong></span> <span class='ocrx_word' id='word_1_312' title='bbox 1159 3022 1203 3074; x_wconf 81' lang='lat' dir='ltr'><strong>Gl.</strong></span> <span class='ocrx_word' id='word_1_313' title='bbox 1221 3024 1286 3075; x_wconf 88' lang='lat' dir='ltr'><strong>Sen.</strong></span> <span class='ocrx_word' id='word_1_314' title='bbox 1303 3042 1348 3092; x_wconf 77' lang='lat' dir='ltr'><strong>ep.</strong></span> <span class='ocrx_word' id='word_1_315' title='bbox 1367 3028 1426 3085; x_wconf 78' lang='lat' dir='ltr'><strong>m,</strong></span> 
     </span>
     <span class='ocr_line' id='line_1_35' title="bbox 252 3088 1427 3160; baseline 0.002 -20"><span class='ocrx_word' id='word_1_316' title='bbox 252 3088 283 3152; x_wconf 86' lang='lat' dir='ltr'><strong>l,</strong></span> <span class='ocrx_word' id='word_1_317' title='bbox 310 3092 352 3139; x_wconf 86' lang='grc'><strong>18.</strong></span> <span class='ocrx_word' id='word_1_318' title='bbox 375 3094 418 3141; x_wconf 80' lang='lat' dir='ltr'><strong>lt).</strong></span> <span class='ocrx_word' id='word_1_319' title='bbox 449 3089 502 3141; x_wconf 85' lang='lat' dir='ltr'><strong>Neo</strong></span> <span class='ocrx_word' id='word_1_320' title='bbox 533 3088 645 3140; x_wconf 85' lang='lat' dir='ltr'><strong>retinent</strong></span> <span class='ocrx_word' id='word_1_321' title='bbox 671 3091 815 3159; x_wconf 81' lang='lat' dir='ltr'><strong>petn&#39;lrre</strong></span> <span class='ocrx_word' id='word_1_322' title='bbox 863 3092 889 3139; x_wconf 80' lang='grc'><strong>8.</strong></span> <span class='ocrx_word' id='word_1_323' title='bbox 920 3091 977 3141; x_wconf 85' lang='lat' dir='ltr'><strong>Non</strong></span> <span class='ocrx_word' id='word_1_324' title='bbox 1001 3091 1094 3142; x_wconf 82' lang='lat' dir='ltr'><strong>vivunt</strong></span> <span class='ocrx_word' id='word_1_325' title='bbox 1113 3098 1206 3143; x_wconf 84' lang='lat' dir='ltr'><strong>contro</strong></span> <span class='ocrx_word' id='word_1_326' title='bbox 1230 3100 1356 3143; x_wconf 74' lang='lat' dir='ltr'><strong>returnar</strong></span> <span class='ocrx_word' id='word_1_327' title='bbox 1382 3094 1427 3160; x_wconf 74' lang='lat' dir='ltr'><strong>pri</strong></span> 
     </span>
     <span class='ocr_line' id='line_1_36' title="bbox 254 3156 1425 3224; baseline 0.002 -15"><span class='ocrx_word' id='word_1_328' title='bbox 254 3156 390 3209; x_wconf 85' lang='lat' dir='ltr'><strong>commirsn</strong></span> <span class='ocrx_word' id='word_1_329' title='bbox 433 3156 526 3211; x_wconf 78' lang='lat' dir='ltr'><strong>daliter</strong></span> <span class='ocrx_word' id='word_1_330' title='bbox 544 3172 651 3209; x_wconf 77' lang='lat' dir='ltr'><strong>auree.</strong></span> <span class='ocrx_word' id='word_1_331' title='bbox 864 3156 969 3207; x_wconf 87' lang='lat' dir='ltr'><strong>lrierne</strong></span> <span class='ocrx_word' id='word_1_332' title='bbox 984 3158 1170 3224; x_wconf 82' lang='lat' dir='ltr'><strong>concupierunt</strong></span> <span class='ocrx_word' id='word_1_333' title='bbox 1184 3158 1310 3210; x_wconf 73' lang='lat' dir='ltr'><strong>rorem?</strong></span> <span class='ocrx_word' id='word_1_334' title='bbox 1327 3159 1425 3211; x_wconf 81' lang='lat' dir='ltr'><strong>llerat.</strong></span> 
     </span>
     <span class='ocr_line' id='line_1_37' title="bbox 288 3160 1425 3292; baseline 0.003 -17"><span class='ocrx_word' id='word_1_335' title='bbox 288 3160 450 3292; x_wconf 60' lang='lat' dir='ltr'><strong>unimoresi.</strong></span> <span class='ocrx_word' id='word_1_336' title='bbox 469 3241 493 3279; x_wconf 86' lang='lat' dir='ltr'><strong>e.</strong></span> <span class='ocrx_word' id='word_1_337' title='bbox 512 3240 575 3275; x_wconf 85' lang='lat' dir='ltr'><strong>eum</strong></span> <span class='ocrx_word' id='word_1_338' title='bbox 596 3224 753 3291; x_wconf 84' lang='lat' dir='ltr'><strong>voluptate,</strong></span> <span class='ocrx_word' id='word_1_339' title='bbox 784 3229 815 3274; x_wconf 89' lang='lat' dir='ltr'><strong>ut</strong></span> <span class='ocrx_word' id='word_1_340' title='bbox 865 3222 916 3274; x_wconf 89' lang='lat' dir='ltr'><strong>0d.</strong></span> <span class='ocrx_word' id='word_1_341' title='bbox 936 3224 957 3287; x_wconf 95' lang='lat' dir='ltr'><strong>l,</strong></span> <span class='ocrx_word' id='word_1_342' title='bbox 976 3226 1020 3285; x_wconf 84' lang='grc'><strong>38,</strong></span> <span class='ocrx_word' id='word_1_343' title='bbox 1040 3228 1108 3291; x_wconf 75' lang='lat' dir='ltr'><strong>deq.</strong></span> <span class='ocrx_word' id='word_1_344' title='bbox 1131 3226 1207 3276; x_wconf 88' lang='lat' dir='ltr'><strong>lllilte</strong></span> <span class='ocrx_word' id='word_1_345' title='bbox 1228 3226 1324 3277; x_wconf 79' lang='lat' dir='ltr'><strong>rectori</strong></span> <span class='ocrx_word' id='word_1_346' title='bbox 1346 3244 1425 3278; x_wconf 76' lang='lat' dir='ltr'><strong>roro</strong></span> 
     </span>
     <span class='ocr_line' id='line_1_38' title="bbox 254 3289 1424 3358; baseline 0.004 -18"><span class='ocrx_word' id='word_1_347' title='bbox 254 3289 359 3341; x_wconf 88' lang='lat' dir='ltr'><strong>dieitur</strong></span> <span class='ocrx_word' id='word_1_348' title='bbox 387 3291 471 3343; x_wconf 84' lang='lat' dir='ltr'><strong>enimi</strong></span> <span class='ocrx_word' id='word_1_349' title='bbox 494 3306 584 3343; x_wconf 81' lang='lat' dir='ltr'><strong>centn.</strong></span> <span class='ocrx_word' id='word_1_350' title='bbox 628 3292 672 3342; x_wconf 82' lang='lat' dir='ltr'><strong>cl.</strong></span> <span class='ocrx_word' id='word_1_351' title='bbox 700 3291 814 3343; x_wconf 78' lang='lat' dir='ltr'><strong>Sueten.</strong></span> <span class='ocrx_word' id='word_1_352' title='bbox 864 3307 916 3358; x_wconf 82' lang='lat' dir='ltr'><strong>pue</strong></span> <span class='ocrx_word' id='word_1_353' title='bbox 949 3290 1064 3343; x_wconf 79' lang='lat' dir='ltr'><strong>locorum</strong></span> <span class='ocrx_word' id='word_1_354' title='bbox 1100 3292 1185 3343; x_wconf 79' lang='lat' dir='ltr'><strong>Sero</strong></span> <span class='ocrx_word' id='word_1_355' title='bbox 1216 3301 1347 3354; x_wconf 81' lang='lat' dir='ltr'><strong>meretur,</strong></span> <span class='ocrx_word' id='word_1_356' title='bbox 1389 3294 1424 3345; x_wconf 78' lang='lat' dir='ltr'><strong>ad</strong></span> 
     </span>
     <span class='ocr_line' id='line_1_39' title="bbox 255 3356 1425 3427; baseline 0.003 -19"><span class='ocrx_word' id='word_1_357' title='bbox 255 3356 335 3409; x_wconf 77' lang='lat' dir='ltr'><strong>caer.</strong></span> <span class='ocrx_word' id='word_1_358' title='bbox 354 3360 397 3409; x_wconf 77' lang='grc'><strong>41.</strong></span> <span class='ocrx_word' id='word_1_359' title='bbox 420 3360 600 3411; x_wconf 76' lang='lat' dir='ltr'><strong>Gemmas</strong></span> <span class='ocrx_word' id='word_1_360' title='bbox 619 3375 719 3427; x_wconf 80' lang='lat' dir='ltr'><strong>temper</strong></span> <span class='ocrx_word' id='word_1_361' title='bbox 741 3359 814 3411; x_wconf 87' lang='lat' dir='ltr'><strong>orri-</strong></span> <span class='ocrx_word' id='word_1_362' title='bbox 864 3374 947 3423; x_wconf 83' lang='lat' dir='ltr'><strong>quern</strong></span> <span class='ocrx_word' id='word_1_363' title='bbox 974 3360 1066 3409; x_wconf 87' lang='lat' dir='ltr'><strong>loennr</strong></span> <span class='ocrx_word' id='word_1_364' title='bbox 1093 3358 1219 3410; x_wconf 83' lang='lat' dir='ltr'><strong>Orellinr</strong></span> <span class='ocrx_word' id='word_1_365' title='bbox 1247 3360 1346 3411; x_wconf 80' lang='lat' dir='ltr'><strong>attulit</strong></span> <span class='ocrx_word' id='word_1_366' title='bbox 1369 3358 1425 3411; x_wconf 77' lang='lat' dir='ltr'><strong>La·</strong></span> 
     </span>
     <span class='ocr_line' id='line_1_40' title="bbox 254 3421 1426 3492; baseline 0.003 -17"><span class='ocrx_word' id='word_1_367' title='bbox 254 3424 434 3477; x_wconf 84' lang='lat' dir='ltr'><strong>morierirne</strong></span> <span class='ocrx_word' id='word_1_368' title='bbox 455 3442 628 3492; x_wconf 78' lang='lat' dir='ltr'><strong>compararer.</strong></span> <span class='ocrx_word' id='word_1_369' title='bbox 866 3425 938 3477; x_wconf 79' lang='lat' dir='ltr'><strong>cian-</strong></span> <span class='ocrx_word' id='word_1_370' title='bbox 963 3424 1071 3492; x_wconf 82' lang='lat' dir='ltr'><strong>Nigrim</strong></span> <span class='ocrx_word' id='word_1_371' title='bbox 1096 3425 1111 3490; x_wconf 65' lang='lat' dir='ltr'><strong>d</strong></span> <span class='ocrx_word' id='word_1_372' title='bbox 1135 3429 1178 3476; x_wconf 91' lang='grc'><strong>81.</strong></span> <span class='ocrx_word' id='word_1_373' title='bbox 1208 3421 1284 3487; x_wconf 76' lang='grc' dir='ltr'>Τοὺς</span> <span class='ocrx_word' id='word_1_374' title='bbox 1309 3423 1426 3492; x_wconf 67' lang='lat' dir='ltr'><strong>odem</strong></span> 
     </span>
     <span class='ocr_line' id='line_1_41' title="bbox 288 3486 1425 3561; baseline 0.003 -21"><span class='ocrx_word' id='word_1_375' title='bbox 288 3492 332 3541; x_wconf 84' lang='lat' dir='ltr'><strong>rui</strong></span> <span class='ocrx_word' id='word_1_376' title='bbox 366 3492 486 3559; x_wconf 78' lang='lat' dir='ltr'><strong>dulcedo]</strong></span> <span class='ocrx_word' id='word_1_377' title='bbox 528 3492 587 3544; x_wconf 75' lang='lat' dir='ltr'><strong>lit.</strong></span> <span class='ocrx_word' id='word_1_378' title='bbox 622 3492 752 3561; x_wconf 84' lang='lat' dir='ltr'><strong>prolegg.</strong></span> <span class='ocrx_word' id='word_1_379' title='bbox 788 3509 814 3558; x_wconf 86' lang='lat' dir='ltr'><strong>p.</strong></span> <span class='ocrx_word' id='word_1_380' title='bbox 865 3486 1023 3543; x_wconf 67' lang='grc' dir='ltr'><strong>αὐτῶνκαὶ</strong></span> <span class='ocrx_word' id='word_1_381' title='bbox 1040 3489 1134 3559; x_wconf 75' lang='grc' dir='ltr'><strong>παρὰ</strong></span> <span class='ocrx_word' id='word_1_382' title='bbox 1158 3490 1277 3558; x_wconf 69' lang='grc' dir='ltr'><strong>καιρὸν</strong></span> <span class='ocrx_word' id='word_1_383' title='bbox 1294 3490 1425 3559; x_wconf 67' lang='grc' dir='ltr'><strong>ἀγαπᾶν-</strong></span> 
     </span>
     <span class='ocr_line' id='line_1_42' title="bbox 253 3559 1424 3626; baseline 0.003 -17"><span class='ocrx_word' id='word_1_384' title='bbox 253 3573 348 3609; x_wconf 77' lang='lat' dir='ltr'><strong>xxxrx.</strong></span> <span class='ocrx_word' id='word_1_385' title='bbox 592 3592 596 3597; x_wconf 92' lang='lat'><em>-</em></span> <span class='ocrx_word' id='word_1_386' title='bbox 864 3574 916 3618; x_wconf 81' lang='grc' dir='ltr'><strong>τας</strong></span> <span class='ocrx_word' id='word_1_387' title='bbox 930 3565 960 3609; x_wconf 92' lang='lat' dir='ltr'><strong>et</strong></span> <span class='ocrx_word' id='word_1_388' title='bbox 976 3560 1073 3611; x_wconf 79' lang='lat' dir='ltr'><strong>Paeat.</strong></span> <span class='ocrx_word' id='word_1_389' title='bbox 1090 3560 1120 3610; x_wconf 85' lang='lat' dir='ltr'><strong>iu</strong></span> <span class='ocrx_word' id='word_1_390' title='bbox 1135 3559 1240 3626; x_wconf 81' lang='lat' dir='ltr'><strong>Paneg.</strong></span> <span class='ocrx_word' id='word_1_391' title='bbox 1255 3560 1365 3613; x_wconf 84' lang='lat' dir='ltr'><strong>Tbeod.</strong></span> <span class='ocrx_word' id='word_1_392' title='bbox 1386 3566 1424 3613; x_wconf 81' lang='grc'><strong>14.</strong></span> 
     </span>
     <span class='ocr_line' id='line_1_43' title="bbox 288 3623 1425 3695; baseline 0.007 -22"><span class='ocrx_word' id='word_1_393' title='bbox 288 3627 332 3674; x_wconf 81' lang='grc'><strong>30.</strong></span> <span class='ocrx_word' id='word_1_394' title='bbox 367 3632 444 3679; x_wconf 77' lang='lat' dir='ltr'><strong>nerito</strong></span> <span class='ocrx_word' id='word_1_395' title='bbox 463 3623 520 3690; x_wconf 81' lang='lat' dir='ltr'><strong>auo]</strong></span> <span class='ocrx_word' id='word_1_396' title='bbox 543 3623 561 3675; x_wconf 84' lang='lat' dir='ltr'><strong>i.</strong></span> <span class='ocrx_word' id='word_1_397' title='bbox 583 3640 607 3676; x_wconf 88' lang='lat' dir='ltr'><strong>c.</strong></span> <span class='ocrx_word' id='word_1_398' title='bbox 628 3624 749 3677; x_wconf 80' lang='lat' dir='ltr'><strong>racundo</strong></span> <span class='ocrx_word' id='word_1_399' title='bbox 756 3659 766 3690; x_wconf 92' lang='lat'><strong>,</strong></span> <span class='ocrx_word' id='word_1_400' title='bbox 784 3629 815 3675; x_wconf 86' lang='lat' dir='ltr'><strong>ut</strong></span> <span class='ocrx_word' id='word_1_401' title='bbox 868 3626 982 3678; x_wconf 83' lang='lat' dir='ltr'><strong>Delirnti</strong></span> <span class='ocrx_word' id='word_1_402' title='bbox 1008 3627 1050 3677; x_wconf 85' lang='lat' dir='ltr'><strong>illi</strong></span> <span class='ocrx_word' id='word_1_403' title='bbox 1076 3644 1108 3677; x_wconf 82' lang='lat' dir='ltr'><strong>nc</strong></span> <span class='ocrx_word' id='word_1_404' title='bbox 1128 3628 1244 3692; x_wconf 75' lang='lat' dir='ltr'><strong>fluenter</strong></span> <span class='ocrx_word' id='word_1_405' title='bbox 1267 3644 1368 3695; x_wconf 72' lang='lat' dir='ltr'><strong>peram</strong></span> <span class='ocrx_word' id='word_1_406' title='bbox 1397 3647 1425 3681; x_wconf 86' lang='lat' dir='ltr'><strong>rr</strong></span> 
     </span>
     <span class='ocr_line' id='line_1_44' title="bbox 254 3690 1423 3763; baseline 0.007 -22"><span class='ocrx_word' id='word_1_407' title='bbox 254 3690 358 3742; x_wconf 88' lang='lat' dir='ltr'><strong>dicitur</strong></span> <span class='ocrx_word' id='word_1_408' title='bbox 375 3709 424 3743; x_wconf 83' lang='lat' dir='ltr'><strong>erro</strong></span> <span class='ocrx_word' id='word_1_409' title='bbox 442 3700 564 3759; x_wconf 86' lang='lat' dir='ltr'><strong>ternpore.</strong></span> <span class='ocrx_word' id='word_1_410' title='bbox 863 3692 952 3763; x_wconf 70' lang='lat' dir='ltr'><strong>hirtae</strong></span> <span class='ocrx_word' id='word_1_411' title='bbox 966 3695 1114 3760; x_wconf 74' lang='lat' dir='ltr'><strong>patebunt,</strong></span> <span class='ocrx_word' id='word_1_412' title='bbox 1131 3694 1184 3744; x_wconf 88' lang='lat' dir='ltr'><strong>rriri</strong></span> <span class='ocrx_word' id='word_1_413' title='bbox 1200 3695 1308 3746; x_wconf 73' lang='lat' dir='ltr'><strong>laxarier</strong></span> <span class='ocrx_word' id='word_1_414' title='bbox 1325 3698 1423 3749; x_wconf 77' lang='lat' dir='ltr'><strong>vertit·</strong></span> 
     </span>
     <span class='ocr_line' id='line_1_45' title="bbox 286 3755 1425 3831; baseline 0.009 -24"><span class='ocrx_word' id='word_1_415' title='bbox 286 3759 494 3825; x_wconf 86' lang='lat' dir='ltr'><strong>prcelervolont]</strong></span> <span class='ocrx_word' id='word_1_416' title='bbox 519 3756 672 3810; x_wconf 86' lang='lat' dir='ltr'><strong>intuentem</strong></span> <span class='ocrx_word' id='word_1_417' title='bbox 691 3755 814 3820; x_wconf 75' lang='lat' dir='ltr'><strong>scilicet,</strong></span> <span class='ocrx_word' id='word_1_418' title='bbox 863 3766 903 3811; x_wconf 84' lang='lat' dir='ltr'><strong>ret</strong></span> <span class='ocrx_word' id='word_1_419' title='bbox 927 3777 1039 3822; x_wconf 80' lang='grc' dir='ltr'><strong>ιιιιιιιιι,</strong></span> <span class='ocrx_word' id='word_1_420' title='bbox 1064 3761 1119 3812; x_wconf 79' lang='lat' dir='ltr'><strong>aiei</strong></span> <span class='ocrx_word' id='word_1_421' title='bbox 1141 3760 1295 3815; x_wconf 82' lang='lat' dir='ltr'><strong>lrr&#39;terrree</strong></span> <span class='ocrx_word' id='word_1_422' title='bbox 1317 3766 1425 3831; x_wconf 71' lang='lat' dir='ltr'><strong>poe-tt·</strong></span> 
     </span>
     <span class='ocr_line' id='line_1_46' title="bbox 253 3824 1150 3890; baseline 0.003 -14"><span class='ocrx_word' id='word_1_423' title='bbox 253 3830 284 3877; x_wconf 85' lang='lat' dir='ltr'><strong>ut</strong></span> <span class='ocrx_word' id='word_1_424' title='bbox 301 3824 340 3875; x_wconf 83' lang='lat' dir='ltr'><strong>ait</strong></span> <span class='ocrx_word' id='word_1_425' title='bbox 356 3824 430 3875; x_wconf 87' lang='lat' dir='ltr'><strong>idem</strong></span> <span class='ocrx_word' id='word_1_426' title='bbox 447 3824 520 3890; x_wconf 77' lang='lat' dir='ltr'><strong>qnod</strong></span> <span class='ocrx_word' id='word_1_427' title='bbox 539 3842 642 3875; x_wconf 82' lang='lat' dir='ltr'><strong>curram</strong></span> <span class='ocrx_word' id='word_1_428' title='bbox 660 3832 756 3876; x_wconf 84' lang='lat' dir='ltr'><strong>tenent.</strong></span> <span class='ocrx_word' id='word_1_429' title='bbox 862 3842 960 3878; x_wconf 83' lang='lat' dir='ltr'><strong>roree</strong></span> <span class='ocrx_word' id='word_1_430' title='bbox 977 3828 1150 3879; x_wconf 78' lang='lat' dir='ltr'><strong>irrnturrerrt.</strong></span> 
     </span>
     <span class='ocr_line' id='line_1_47' title="bbox 286 3891 1423 3959; baseline 0.006 -19"><span class='ocrx_word' id='word_1_431' title='bbox 286 3895 329 3941; x_wconf 86' lang='lat' dir='ltr'><strong>ar.</strong></span> <span class='ocrx_word' id='word_1_432' title='bbox 365 3899 507 3944; x_wconf 84' lang='lat' dir='ltr'><strong>commento</strong></span> <span class='ocrx_word' id='word_1_433' title='bbox 521 3892 671 3959; x_wconf 78' lang='lat' dir='ltr'><strong>varietatis]</strong></span> <span class='ocrx_word' id='word_1_434' title='bbox 689 3891 707 3943; x_wconf 87' lang='lat' dir='ltr'><strong>i.</strong></span> <span class='ocrx_word' id='word_1_435' title='bbox 722 3907 746 3941; x_wconf 88' lang='lat' dir='ltr'><strong>e.</strong></span> <span class='ocrx_word' id='word_1_436' title='bbox 763 3906 812 3943; x_wconf 83' lang='lat' dir='ltr'><strong>ra·</strong></span> <span class='ocrx_word' id='word_1_437' title='bbox 895 3894 1025 3944; x_wconf 73' lang='lat' dir='ltr'><strong>silverunt</strong></span> <span class='ocrx_word' id='word_1_438' title='bbox 1043 3902 1168 3945; x_wconf 74' lang='lat' dir='ltr'><strong>aceretem</strong></span> <span class='ocrx_word' id='word_1_439' title='bbox 1242 3897 1331 3946; x_wconf 69' lang='lat' dir='ltr'><strong>neria</strong></span> <span class='ocrx_word' id='word_1_440' title='bbox 1346 3898 1423 3948; x_wconf 79' lang='lat' dir='ltr'><strong>retti-</strong></span> 
     </span>
     <span class='ocr_line' id='line_1_48' title="bbox 251 3958 1424 4042; baseline 0.005 -33"><span class='ocrx_word' id='word_1_441' title='bbox 251 3958 354 4011; x_wconf 80' lang='lat' dir='ltr'><strong>rietete</strong></span> <span class='ocrx_word' id='word_1_442' title='bbox 370 3958 545 4039; x_wconf 41' lang='lat' dir='ltr'><strong>excogitata..</strong></span> <span class='ocrx_word' id='word_1_443' title='bbox 566 4026 573 4038; x_wconf 35' lang='grc' dir='ltr'>ι</span> <span class='ocrx_word' id='word_1_444' title='bbox 777 4024 783 4036; x_wconf 37' lang='lat'>¹</span> <span class='ocrx_word' id='word_1_445' title='bbox 862 3960 990 4026; x_wconf 67' lang='lat' dir='ltr'><strong>citantur]</strong></span> <span class='ocrx_word' id='word_1_446' title='bbox 1008 3960 1052 4040; x_wconf 67' lang='lat' dir='ltr'><strong>(Ji.</strong></span> <span class='ocrx_word' id='word_1_447' title='bbox 1068 3960 1166 4042; x_wconf 63' lang='lat' dir='ltr'><strong>Serrep</strong></span> <span class='ocrx_word' id='word_1_448' title='bbox 1182 3962 1267 4012; x_wconf 78' lang='lat' dir='ltr'><strong>Cena.</strong></span> <span class='ocrx_word' id='word_1_449' title='bbox 1284 3964 1319 4014; x_wconf 81' lang='lat' dir='ltr'><strong>ed</strong></span> <span class='ocrx_word' id='word_1_450' title='bbox 1336 3964 1424 4015; x_wconf 82' lang='lat' dir='ltr'><strong>sselr.</strong></span> 
     </span>
     <span class='ocr_line' id='line_1_49' title="bbox 250 4022 1425 4165; baseline 0.009 -25"><span class='ocrx_word' id='word_1_451' title='bbox 250 4030 331 4143; x_wconf 59' lang='lat' dir='ltr'><strong>llis</strong></span> <span class='ocrx_word' id='word_1_452' title='bbox 351 4022 812 4159; x_wconf 57' lang='lat' dir='ltr'><strong>,tctutzltnuarrl</strong></span> <span class='ocrx_word' id='word_1_453' title='bbox 861 4027 1106 4161; x_wconf 58' lang='lat' dir='ltr'><strong>:retem</strong></span> <span class='ocrx_word' id='word_1_454' title='bbox 1125 4030 1342 4163; x_wconf 57' lang='lat' dir='ltr'><strong>‘amatr</strong></span> <span class='ocrx_word' id='word_1_455' title='bbox 1354 4032 1425 4165; x_wconf 69' lang='lat'><strong>2:2⁴:</strong></span> 
     </span>
     <span class='ocr_line' id='line_1_50' title="bbox 250 4156 1425 4221; baseline 0.009 -14"><span class='ocrx_word' id='word_1_456' title='bbox 250 4156 357 4210; x_wconf 86' lang='lat' dir='ltr'><strong>llirnrii</strong></span> <span class='ocrx_word' id='word_1_457' title='bbox 375 4158 462 4211; x_wconf 85' lang='lat' dir='ltr'><strong>verbe</strong></span> <span class='ocrx_word' id='word_1_458' title='bbox 478 4176 502 4210; x_wconf 87' lang='lat' dir='ltr'><strong>c.</strong></span> <span class='ocrx_word' id='word_1_459' title='bbox 520 4161 546 4221; x_wconf 84' lang='lat'><strong>4,</strong></span> <span class='ocrx_word' id='word_1_460' title='bbox 564 4160 581 4221; x_wconf 70' lang='grc' dir='ltr'><strong>ς</strong></span> <span class='ocrx_word' id='word_1_461' title='bbox 599 4161 641 4209; x_wconf 82' lang='grc'><strong>88.</strong></span> <span class='ocrx_word' id='word_1_462' title='bbox 663 4173 697 4209; x_wconf 86' lang='lat' dir='ltr'><strong>nc</strong></span> <span class='ocrx_word' id='word_1_463' title='bbox 718 4158 813 4209; x_wconf 74' lang='lat' dir='ltr'><strong>erdem</strong></span> <span class='ocrx_word' id='word_1_464' title='bbox 862 4168 901 4211; x_wconf 86' lang='lat' dir='ltr'><strong>ert</strong></span> <span class='ocrx_word' id='word_1_465' title='bbox 925 4167 963 4212; x_wconf 87' lang='lat' dir='ltr'><strong>tot</strong></span> <span class='ocrx_word' id='word_1_466' title='bbox 989 4162 1091 4212; x_wconf 71' lang='lat' dir='ltr'><strong>ortibu</strong></span> <span class='ocrx_word' id='word_1_467' title='bbox 1113 4163 1201 4213; x_wconf 77' lang='lat' dir='ltr'><strong>centri</strong></span> <span class='ocrx_word' id='word_1_468' title='bbox 1227 4165 1425 4217; x_wconf 73' lang='lat' dir='ltr'><strong>mienlitrrrl</strong></span> 
     </span>
     <span class='ocr_line' id='line_1_51' title="bbox 249 4224 1424 4295; baseline 0.01 -21"><span class='ocrx_word' id='word_1_469' title='bbox 249 4224 297 4274; x_wconf 79' lang='lat' dir='ltr'><strong>leon</strong></span> <span class='ocrx_word' id='word_1_470' title='bbox 314 4224 399 4291; x_wconf 80' lang='lat' dir='ltr'><strong>iprum</strong></span> <span class='ocrx_word' id='word_1_471' title='bbox 423 4226 452 4276; x_wconf 85' lang='lat' dir='ltr'><strong>r‘n</strong></span> <span class='ocrx_word' id='word_1_472' title='bbox 477 4242 527 4291; x_wconf 82' lang='lat' dir='ltr'><strong>pun</strong></span> <span class='ocrx_word' id='word_1_473' title='bbox 550 4241 654 4286; x_wconf 80' lang='lat' dir='ltr'><strong>morer,</strong></span> <span class='ocrx_word' id='word_1_474' title='bbox 681 4224 742 4275; x_wconf 84' lang='lat' dir='ltr'><strong>lieet</strong></span> <span class='ocrx_word' id='word_1_475' title='bbox 766 4241 811 4275; x_wconf 91' lang='lat' dir='ltr'><strong>ro·</strong></span> <span class='ocrx_word' id='word_1_476' title='bbox 862 4226 928 4293; x_wconf 73' lang='lat' dir='ltr'><strong>qaid</strong></span> <span class='ocrx_word' id='word_1_477' title='bbox 944 4227 1117 4279; x_wconf 78' lang='lat' dir='ltr'><strong>mereeterir?</strong></span> <span class='ocrx_word' id='word_1_478' title='bbox 1140 4228 1206 4295; x_wconf 68' lang='lat' dir='ltr'><strong>prid</strong></span> <span class='ocrx_word' id='word_1_479' title='bbox 1224 4233 1424 4285; x_wconf 70' lang='lat' dir='ltr'><strong>certatione</strong></span> 
     </span>
     <span class='ocr_line' id='line_1_52' title="bbox 248 4289 1420 4413; baseline 0.011 -76"><span class='ocrx_word' id='word_1_480' title='bbox 248 4289 335 4340; x_wconf 67' lang='lat' dir='ltr'><strong>trien</strong></span> <span class='ocrx_word' id='word_1_481' title='bbox 353 4292 403 4353; x_wconf 88' lang='lat' dir='ltr'><strong>rit,</strong></span> <span class='ocrx_word' id='word_1_482' title='bbox 431 4298 534 4370; x_wconf 72' lang='lat' dir='ltr'><strong>topica,</strong></span> <span class='ocrx_word' id='word_1_483' title='bbox 556 4292 620 4358; x_wconf 80' lang='lat' dir='ltr'><strong>puin</strong></span> <span class='ocrx_word' id='word_1_484' title='bbox 641 4291 745 4343; x_wconf 76' lang='lat' dir='ltr'><strong>ocriaar</strong></span> <span class='ocrx_word' id='word_1_485' title='bbox 762 4298 812 4353; x_wconf 88' lang='lat' dir='ltr'><strong>ert,</strong></span> <span class='ocrx_word' id='word_1_486' title='bbox 862 4292 1047 4345; x_wconf 64' lang='lat' dir='ltr'><strong>citnaram?</strong></span> <span class='ocrx_word' id='word_1_487' title='bbox 1073 4295 1138 4413; x_wconf 71' lang='lat' dir='ltr'><strong>prid</strong></span> <span class='ocrx_word' id='word_1_488' title='bbox 1156 4298 1322 4363; x_wconf 69' lang='lat' dir='ltr'><strong>pretendi</strong></span> <span class='ocrx_word' id='word_1_489' title='bbox 1344 4315 1420 4366; x_wconf 87' lang='lat' dir='ltr'><strong>per-</strong></span> 
     </span>
     <span class='ocr_line' id='line_1_53' title="bbox 249 4361 1424 4431; baseline 0.015 -28"><span class='ocrx_word' id='word_1_490' title='bbox 249 4368 550 4409; x_wconf 71' lang='lat' dir='ltr'><strong>accerareconerrrnn.</strong></span> <span class='ocrx_word' id='word_1_491' title='bbox 861 4361 1074 4426; x_wconf 79' lang='lat' dir='ltr'><strong>rerutatiorrr</strong></span> <span class='ocrx_word' id='word_1_492' title='bbox 1117 4366 1147 4415; x_wconf 87' lang='lat' dir='ltr'><strong>ct</strong></span> <span class='ocrx_word' id='word_1_493' title='bbox 1171 4366 1346 4431; x_wconf 65' lang='lat' dir='ltr'><strong>epdml·</strong></span> <span class='ocrx_word' id='word_1_494' title='bbox 1371 4368 1424 4421; x_wconf 74' lang='lat' dir='ltr'><strong>Ar</strong></span> 
     </span>
    </p>
   </div>
   <div class='ocr_carea' id='block_1_10' title="bbox 0 0 1500 4867">
    <p class='ocr_par' dir='ltr' id='par_1_11' title="bbox 0 0 1500 4867">
     <span class='ocr_line' id='line_1_54' title="bbox 0 0 1500 4867; baseline 0 2"><span class='ocrx_word' id='word_1_495' title='bbox 0 0 1500 4867; x_wconf 95' lang='lat' dir='ltr'><strong> </strong></span> 
     </span>
    </p>
   </div>
  </div>
 </body>
</html>
