2992 4867
228 219 290 283 :tat
705 190 918 261 Macuouu

227 385 307 451 itlorn
335 379 443 446 Cicero
470 369 619 443 rlelondit,
652 374 685 430 et
710 363 828 430 Licinio
853 360 981 431 Crasso,
1014 351 1114 418 Crassi
1143 346 1210 412 eius
1237 339 1289 426 qui
1320 335 1402 422 apud

228 467 360 536 Parthos
377 461 528 528 extinctus
547 462 593 519 ost
614 452 686 516 filio.

315 551 383 616 XV.
428 545 486 610 Sed
509 544 546 606 tle
567 539 726 605 saltatione
747 543 882 600 vatorum
907 525 945 590 arl
967 520 1097 610 praedae
1118 513 1252 580 marinae
1271 506 1403 573 transire

231 643 336 705 lurum
357 632 545 698 Licinianum
566 645 615 690 me
635 643 747 687 nornen
771 612 955 684 ammonuit:
983 629 1061 694 quos
1079 605 1223 668 Muranas
1243 591 1403 679 cognomi-

182 731 355 812 [aestuatom
391 716 473 802 quod
502 715 560 777 hoc
586 710 669 794 pisac
696 705 877 772 effusissime
900 694 1040 762 delectati
1069 688 1146 763 sint,
1176 683 1248 750 satis
1277 685 1405 744 constat„

202 810 313 876 illuie
343 801 478 890 opinioni
502 800 544 863 M.
567 797 666 859 Varro
689 791 842 859 consentit
862 785 1004 850 adserens

234 893 400 992 appellatos
422 888 567 951 Muronas
595 901 657 965 quo
685 878 810 962 Sergius

1026 776 1133 843 eodem
1157 768 1250 834 modo
1272 762 1405 829 Licinias

838 873 934 938 Orata
964 859 1198 949 cognominatus
1228 860 1287 927 est,
1321 846 1405 946 quod

205 984 262 1048 {lar
290 979 387 1065 pisces
404 972 457 1058 qui
478 977 601 1034 auratae
621 974 770 1030 rorantur
789 954 936 1025 carissimi
959 949 1102 1042 luerint..
1126 942 1184 1007 llic
1208 946 1255 1003 est
1284 936 1407 1031 Sergius

236 1068 331 1132 Orata
360 1061 412 1148 qui
441 1057 558 1144 primus
587 1052 709 1116 balneas
739 1045 869 1134 pensiles
898 1037 1021 1111 habuit,
1057 1049 1173 1118 primus
1203 1031 1347 1090 ostrearra
1376 1037 1408 1080 sn

237 1151 351 1216 Baiano
373 1143 497 1218 locavit,
527 1140 643 1225 primus
663 1136 812 1222 optimum
837 1145 974 1212 saporem

996 1117 1106 1185 ostreis
1126 1109 1267 1177 Lucrinis
1290 1101 1408 1170 adiudi-

239 1236 324 1301 caait.
366 1230 438 1296 Fuit
461 1236 562 1291 autem
585 1231 683 1287 aetate
703 1223 737 1285 L.
759 1214 860 1284 Crassi
881 1211 960 1276 illius
983 1203 1103 1281 diserti,
1125 1197 1178 1285 qui
1202 1214 1292 1281 quarn
1311 1187 1409 1276 graus

308 1419 387 1485 [llas.
410 1413 590 1467 ABGPSttt'.

276 1491 282 1502 “
310 1503 363 1552 xv.
403 1503 490 1567 capos
512 1497 569 1547 arr.
594 1495 660 1559 (p-r»
690 1493 745 1542 crs.
774 1491 810 1538 u.
838 1489 902 1552 roo

924 1483 986 1540 tt.)
1019 1477 1124 1542 Quanto
1151 1471 1178 1520 ia
1203 1465 1289 1535 pretia
1310 1459 1411 1524 fuerint

239 1573 311 1639 canani
328 1571 411 1638 parato
426 1568 580 1618 uetustiores
603 1565 734 1612 Romanos
749 1559 842 1626 arianen,
859 1563 882 1604 et
899 1549 1054 1620 praesertim
1075 1553 1213 1593 marauna.
1231 1532 1308 1584 cla-ln
1346 1529 1410 1592 Cap.

245 1641 313 1689 t'ttt
351 1638 496 1686 Nonnullae
512 1651 543 1682 er
560 1632 675 1697 piscinas
692 1629 805 1678 traxisse
825 1619 983 1688 cognomina
1000 1615 1037 1662 vi.

1146 1610 1167 1656 1.
1202 1599 1326 1654 delectati
1343 1601 1412 1646 sunl

240 1705 440 1756 sunamite.
469 1699 566 1764 „Lege
583 1700 644 1747 sint.
671 1694 739 1745 Nam
756 1692 853 1744 statius
873 1684 1000 1750 sequitur
1017 1677 1086 1746 quari
1158 1666 1387 1737 suerint.“Zeun.

244 1871 277 1920 ln
303 1868 398 1918 illam
423 1881 485 1914 rem
508 1880 557 1930 pra
583 1877 680 1911 causa
702 1858 802 1907 illius

240 1937 332 1984 rei...
364 1931 522 1982 Salustius:
542 1967 566 1980 ..
588 1927 699 1978 Etruria
718 1925 802 1974 amnis

241 2019 298 2052 cum
319 2001 420 2066 Lepido
444 2003 596 2064 suspecta
620 1995 655 2044 in
681 1992 801 2043 lunant-

242 2079 305 2120 tum
324 2076 396 2127 erat,
424 2065 478 2116 nisi
498 2067 586 2114 raseris
605 2065 632 2112 ia
651 2062 742 2112 turbas
760 2059 802 2108 in-

243 2137 376 2202 telligere
394 2149 477 2184 sunau
498 2141 639 2188 carneri-to,
662 2144 743 2193 qrrcru
761 2126 803 2175 rii-

242 2205 348 2265 ciratus,
378 2210 409 2252 ut
432 2201 521 2268 possit
546 2198 666 2250 eassicrri
689 2196 748 2244 (iic.
768 2193 802 2242 nal

245 2275 298 2324 Ati.
321 2272 374 2332 lli,
391 2276 423 2332 5,
441 2274 467 2319 2.
491 2269 560 2319 dies
579 2303 603 2317 ..
628 2268 658 2315 in
681 2264 806 2330 uulgus

243 2349 330 2399 notus,
341 2337 458 2399 similia,
471 2352 543 2402 qaino
560 2331 703 2400 congr-seit
715 2329 806 2380 llantl.

245 2407 371 2458 Trrrsull.
388 2404 481 2470 tlt-p.
500 2407 561 2453 333.
581 2403 620 2451 lle
638 2398 728 2448 Caelii
747 2413 808 2446 sarrs-

247 2478 326 2526 ribus
345 2474 400 2524 att.
416 2473 476 2524 cto.
495 2471 574 2520 liant.
591 2475 633 2529 79,
649 2472 725 2517 stuc
746 2464 808 2528 Qui,

247 2543 375 2611 qrsamrliu
410 2540 567 2591 arietaritati
598 2553 673 2587 meae
704 2533 807 2602 pararit,

247 2613 311 2664 talis
334 2611 453 2660 tribunus
474 2608 558 2673 silebis
576 2606 650 2669 snit,
681 2611 709 2653 ut
732 2617 808 2651 stema

247 2685 339 2728 eontra
364 2677 460 2725 ciuium
483 2676 645 2739 perditorum
666 2668 808 2737 popicia-

247 2761 310 2794 rcm
350 2742 640 2804 turbulentamque
681 2739 808 2785 «lemaa-

250 2813 328 2862 tiam
348 2826 364 2858 a
388 2815 481 2858 senatu
503 2813 527 2856 et
547 2825 563 2855 a
586 2809 709 2855 tanorssm
728 2816 810 2851 carisa

249 2878 349 2929 steterit
366 2875 535 2924 constantius.
549 2907 574 2921 ..
596 2872 645 2921 iiie
663 2887 719 2919 cnm
740 2883 811 2916 sum-

250 2962 294 2996 ma
318 2943 453 2992 saturitate
470 2943 592 2990 bonorum
613 2938 709 2987 aeclilis
731 2951 810 2985 carru-

251 3013 285 3062 lis
315 3013 409 3074 factrus
442 3015 523 3067 esset,
560 3007 647 3056 nescia
682 3001 811 3070 quomodo

252 3080 367 3128 discessu
391 3092 447 3125 mea
464 3075 582 3124 discessit
605 3091 622 3122 a
645 3089 714 3129 sese,
744 3071 809 3119 ceri·

253 3147 344 3211 alitque
385 3151 557 3209 posteaquam
600 3157 651 3191 eos
688 3135 814 3188 imitari

253 3213 360 3278 coepit
389 3227 469 3276 quas
496 3212 566 3276 ipse
591 3211 813 3273 perverterat.

253 3281 293 3330 Ex
319 3278 446 3328 aratione
470 3295 494 3344 p.
518 3277 631 3334 Caelio,
658 3279 689 3335 ὓ,
716 3276 811 3336 3sqq.

255 3346 381 3412 intelligi
407 3351 514 3412 potest,
540 3359 611 3409 quiae
632 3341 702 3394 vitiu
719 3341 745 3391 ei
765 3340 814 3388 ult-

254 3413 432 3481 iurgererint
457 3411 623 3463 adversarii.
665 3411 816 3460 Praeterea

255 3483 329 3533 conl.
349 3483 419 3532 l'cll.
439 3481 481 3541 ll,
498 3485 534 3530 68
549 3499 556 3529 2
575 3481 604 3530 ln
620 3487 747 3545 praetura
767 3494 815 3526 no·

169 3595 174 3602 .
256 3568 349 3602 aarum
372 3551 521 3601 tabularum
544 3556 637 3598 auctor
659 3547 761 3597 extitit:
789 3544 816 3593 in

258 3620 320 3670 urle
342 3618 551 3677 seditionem,
579 3624 608 3666 at
630 3617 657 3663 ia
676 3615 753 3680 agris
771 3629 815 3661 oc-

258 3688 326 3737 culta
358 3686 511 3734 bellicam
551 3683 726 3733 tumultum
759 3695 815 3728 ma-

258 3769 336 3810 uram
356 3790 380 3801 ..
402 3753 471 3802 circa
493 3751 605 3801 'l'lsrrs‘os
625 3763 764 3832 oppressus
781 3753 818 3795 est

259 3821 311 3880 (ll.
329 3817 472 3882 Caelius);
501 3824 529 3869 el
547 3818 701 3868 Rani-ban
736 3815 772 3863 ΙΙ.
792 3829 816 3877 p.

259 3892 309 3936 stt
327 3901 367 3951 sq.
404 3887 444 3936 lle
463 3885 614 3936 saltatione
634 3884 706 3934 nilrit
731 3880 819 3930 tradi-

262 3962 319 4004 som
338 3959 389 4004 cst.

298 4022 400 4070 bicinis
431 4015 535 4082 stesso]
570 4015 662 4066 ilarius
694 4011 818 4064 saltandi

260 4105 306 4140 aas
324 4103 356 4137 ex
375 4087 429 4135 lanc
446 4086 506 4150 ipso
525 4087 586 4134 lura
602 4085 718 4134 docetur
732 4081 817 4131 Reni-

262 4157 328 4206 Enc.
346 4154 391 4204 ll'.
410 4170 436 4219 a.
456 4155 529 4201 1069.

295 4221 358 4286 XV,
389 4225 411 4270 1.
459 4219 577 4286 praeciae
605 4214 738 4279 marinae]
777 4210 821 4262 Gi.

262 4291 354 4341 l'lsut.
380 4287 452 4337 llusl.
472 4286 521 4350 tv,
539 4289 570 4346 2,
587 4286 614 4332 4.
649 4281 733 4334 Oritl.
754 4281 821 4332 Met.

262 4357 339 4417 lllll,
355 4357 415 4404 936.

294 4421 410 4470 transire
428 4453 453 4466 ..
480 4431 521 4466 ase
546 4414 702 4478 ammonuit]
728 4412 822 4464 Huius

161 4517 165 4527 .
262 4481 479 4533 constructionis
497 4482 626 4545 exempla
646 4497 662 4530 e
684 4479 775 4546 poetis
794 4487 822 4530 at

262 4553 420 4614 angusteris
437 4545 541 4598 aetatis
558 4547 744 4611 scriptoribus
757 4563 823 4598 rnn-

852 1849 942 1919 gassit
969 1839 1126 1895 Frcundius
1155 1837 1182 1887 in
1215 1831 1306 1884 lexico
1336 1844 1359 1878 s.
1386 1844 1413 1878 v.

852 1921 990 1970 admoneo.

889 1986 1015 2036 Maecenas
1033 1966 1242 2042 cognominatos]
1266 1965 1309 2015 Cl.
1326 1961 1415 2012 Varro

856 2054 888 2104 R.
906 2052 940 2100 ll.
960 2048 1017 2109 tlt,
1035 2047 1066 2101 ³,
1089 2045 1130 2102 t03
1150 2039 1257 2087 Cotum.
1275 2028 1353 2094 vlit,
1373 2031 1415 2090 tt,

853 2126 877 2172 5.
897 2119 969 2169 i'lin.
986 2113 1018 2165 N.
1036 2111 1071 2161 Η.
1091 2109 1138 2171 tx,
1156 2107 1198 2156 tsi.
1217 2120 1240 2152 s.
1257 2105 1300 2150 su.

887 2191 912 2237 Ἃ.
951 2181 1063 2249 Sergius
1091 2173 1188 2238 Orata]
1215 2171 1258 2220 (li.
1285 2167 1362 2216 Vsa-r.
1387 2170 1417 2213 et

855 2255 963 2304 Colrrrn.
987 2252 1016 2300 ΙΙ.
1044 2261 1084 2296 cc.
1121 2242 1193 2292 l‘lin.
1218 2235 1286 2288 ilsirl.
1312 2251 1336 2285 s.
1360 2235 1415 2293 ts,

857 2324 914 2374 Val.
933 2321 1006 2370 ilar.
1028 2313 1080 2374 nt,
1103 2315 1124 2373 t,
1145 2313 1168 2358 l.
1204 2304 1282 2372 Apud
1300 2301 1360 2352 cte.
1381 2299 1416 2348 (le

858 2397 927 2442 arist.
948 2388 975 2449 l,
993 2388 1042 2446 39,
1063 2384 1120 2431 118.
1153 2374 1260 2441 legitur
1291 2374 1416 2428 Aurata,

859 2459 906 2508 scal
931 2453 1015 2504 Orata
1038 2449 1072 2500 tic
1091 2446 1155 2497 linn.
1177 2443 1218 2505 ll,
1233 2443 1282 2503 22,
1301 2442 1358 2499 tu,
1382 2433 1418 2484 tle

858 2525 905 2578 ott.
925 2521 976 2584 lll,
999 2523 1039 2582 ta,
1057 2520 1099 2566 Gt.
1125 2511 1168 2562 Gi.
1189 2509 1288 2559 Festus
1305 2505 1324 2557 l.
1341 2500 1417 2560 lllll,

860 2613 887 2661 p.
905 2595 958 2641 182
976 2585 1091 2638 uincit:
1112 2581 1216 2632 Orata
1235 2590 1321 2645 genus
1337 2570 1419 2637 piscis

859 2660 1048 2727 appellatura
1066 2651 1151 2700 colore
1175 2645 1249 2704 auri,
1280 2642 1350 2708 quoti
1371 2653 1419 2686 ru-

860 2727 919 2779 stici
947 2737 1035 2774 arum
1062 2720 1197 2778 dicebant,
1228 2719 1256 2762 nt
1284 2705 1421 2758 auriculas

860 2793 993 2846 oriculas:
1036 2789 1126 2853 itaque
1158 2781 1283 2849 Sergium
1320 2787 1423 2841 quoque

861 2861 990 2928 arroasiam
1008 2853 1198 2922 praeitis-item,
1222 2845 1292 2914 quod
1311 2852 1334 2893 et
1353 2841 1422 2891 dun-

861 2925 1017 2980 britanniis
1037 2921 1126 2971 aureis
1151 2927 1175 2966 et
1195 2911 1345 2984 grandibus
1362 2917 1422 2959 rste-

861 3003 942 3058 retcr,
963 2991 1101 3042 Oratam
1119 2986 1210 3037 dieunt
1227 2996 1281 3034 esse
1298 2976 1422 3046 appella-

862 3073 925 3115 tum.

896 3129 941 3197 qni
973 3131 1086 3176 auratae
1117 3115 1254 3184 avocantur]
1287 3108 1425 3177 „Graecis

864 3199 968 3250 (licitur
990 3185 1163 3259 χρύσοφρυς,
1191 3185 1262 3252 quaid
1290 3183 1352 3232 loro
1376 3193 1425 3229 aa·

864 3263 1043 3334 percilianum
1067 3271 1152 3306 auran
1181 3253 1275 3303 arctiora
1298 3246 1426 3313 resplen-

865 3337 926 3394 tlet;
971 3325 1101 3394 Ephesiis
1138 3329 1210 3373 tosta
1245 3317 1427 3369 Arulrestrstu

865 3379 1428 3526 ttttttt‘tttttttlittotittli

868 3540 986 3590 Anacutas
1013 3538 1106 3582 sartam
1136 3527 1164 3576 in
1195 3521 1308 3574 deliciis
1337 3519 1428 3570 luisse

868 3603 1018 3663 actoribus,
1035 3595 1164 3663 inprimis
1178 3589 1321 3660 Ephesiis,
1341 3586 1430 3638 tradit

867 3674 940 3726 idern
952 3667 1180 3721 Archestrutus.“
1200 3661 1276 3710 Zuus
1302 3683 1335 3694 -
1354 3655 1431 3706 llas·

868 3743 970 3793 drrinrrs
987 3738 1021 3788 ari
1038 3734 1111 3785 l’lin.
1130 3730 1207 3781 Nat.
1224 3725 1272 3790 lx,
1290 3727 1330 3774 ta.
1348 3741 1372 3774 s.
1384 3725 1429 3772 25.

869 3825 931 3858 curn
979 3812 1077 3856 aurata
1119 3796 1227 3848 confert
1266 3787 1431 3859 χρύσοφρυν

869 3873 978 3928 Aeliani
998 3873 1033 3922 Η.
1051 3869 1083 3920 Α.
1097 3867 1227 3924 tillido.
1252 3863 1333 3912 liene
1351 3875 1430 3910 eons-

870 3947 1005 3995 mnmnrat
1025 3939 1109 3988 etiam
1128 3934 1287 3984 athenaeus
1304 3925 1370 3988 Vll,
1385 3929 1431 3976 st).

890 4010 968 4059 ‚264
982 4023 1006 4056 c.

870 4028 928 4126 pti.
963 4075 1073 4125 balneas
1088 4065 1212 4136 perrsilee]
1234 4061 1344 4116 Plinius
1364 4060 1386 4111 Ι.
1407 4076 1432 4110 e.

870 4145 907 4208 (ι.
936 4146 994 4201 79.)
1031 4139 1116 4189 lrabet
1143 4136 1257 4203 pensiles
1289 4129 1433 4190 balineas,

871 4211 931 4261 var.
946 4209 1021 4260 Max.
1041 4207 1058 4256 l.
1079 4222 1102 4256 c.
1118 4204 1244 4271 parisitis
1262 4199 1367 4250 balnea.

905 4273 1043 4342 atrearia]
1058 4271 1167 4325 Plinius
1183 4271 1202 4320 Ι.
1217 4287 1251 4335 c.,
1267 4267 1340 4318 unde
1358 4264 1435 4315 haec

872 4353 899 4396 et
917 4345 1042 4411 proxima
1060 4337 1206 4406 sequentia
1225 4342 1337 4401 sarapta
1355 4340 1435 4392 sunt,

870 4413 957 4464 hahet
971 4421 1115 4464 ostrearum
1132 4407 1245 4458 vinaria.
1263 4403 1330 4454 l'irle
1345 4400 1434 4452 etiam

872 4481 933 4531 l'sl.
953 4481 1027 4530 Max.
1046 4479 1062 4529 Ι,
1084 4492 1107 4525 c.

906 4555 995 4601 catate
1009 4546 1038 4597 ia.
1051 4541 1141 4596 &assi
1152 4541 1226 4591 itlius
1240 4534 1342 4604 diserta]
1355 4534 1435 4586 Ptin.
