2992 4867
238 91 304 160 258
719 78 931 158 mertem}

235 260 345 349 pocula
367 251 577 322 iucundiorem
601 248 864 334 liberalioremque
888 247 1113 328 invitationem,
1134 268 1215 333 quac
1240 249 1328 328 beret
1351 251 1408 317 sub

237 341 421 433 quibusdam
452 337 539 422 quasi
564 334 686 400 arbitris
714 342 745 400 et
771 334 924 419 magistris
951 333 1159 398 conviviorum
1187 335 1313 413 sobriis,
1348 358 1409 404 ιιοιι

239 426 436 517 inprobasse?
468 421 509 486 Et
529 421 588 486 boc
606 418 754 503 estquod
774 418 923 504 inprime
945 427 977 484 et
996 418 1131 484 secundo
1154 418 1193 484 de
1215 419 1332 503 legibus
1349 443 1410 486 uon
1486 468 1487 487 .

210 514 347 589 θὶιιιιιίίο
367 509 437 575 viris
460 527 526 570 esse
548 504 692 570 decernit
742 506 820 572 Nam
842 513 874 568 et
896 504 1024 570 modicis
1041 504 1239 589 honestisque
1260 505 1339 571 inter
1366 507 1410 572 bi-

240 599 372 667 bendum
401 591 631 658 remissionibus
659 589 740 654 relrci
772 590 976 675 integrarique
1002 589 1119 656 animos
1146 591 1185 654 ad
1217 591 1411 658 instauranda

241 680 414 751 sobrietatis
439 677 539 744 officia
560 675 758 752 existimavit,
789 675 987 760 redditosque
1006 675 1117 740 sensim
1142 675 1283 742 laetiores
1308 677 1346 742 ad
1368 677 1410 741 in-

241 769 393 837 tentiones
411 783 517 830 rursus
538 758 738 846 capessendas
759 759 823 824 fieri
846 760 1024 834 habiliorem
1057 768 1088 825 ct
1108 761 1216 839 simul,
1241 763 1267 826 si
1284 763 1337 847 qui
1360 784 1410 848 pe-

242 857 326 922 nitus
348 852 380 917 in
400 849 447 917 his
469 847 662 912 affectionum
684 845 948 932 cupiditatumque
970 865 1087 912 errores
1109 846 1245 912 inessent
1285 868 1343 914 uos
1363 869 1411 912 ce-

243 943 319 1007 laret
337 935 473 1020 alioquin
492 932 593 1018 pudor
612 951 766 1008 reverens,
793 952 829 996 ea
855 930 958 996 omnia
977 932 1043 998 sine
1063 931 1146 1016 gravi
1166 931 1249 1016 peric
1282 953 1301 996 o
1323 933 1411 998 liber·

243 1033 306 1091 tato
328 1020 503 1108 parvinum
528 1017 598 1082 data
618 1017 719 1101 detegi
738 1025 769 1080 et
787 1016 825 1080 nd
847 1016 1057 1100 corrigendum
1082 1016 1328 1102 medendumque
1348 1017 1413 1084 lieri
1487 1010 1488 1021 ’

216 1107 453 1196 'inportuniora
497 1109 601 1188 Atque
620 1101 679 1167 boc
702 1102 793 1166 etiam
814 1101 902 1166 Plato
923 1102 1034 1166 ibidem
1056 1102 1142 1180 dicit,
1173 1124 1235 1166 non
1255 1103 1411 1188 diffugien-

243 1199 298 1270 das
322 1213 388 1258 esec
411 1187 622 1256 hmuscemodi
646 1187 876 1252 exercitationes
900 1187 1061 1252 adversum
1088 1188 1323 1273 propulsandam
1351 1187 1412 1252 vini

244 1277 435 1353 violentiam,
464 1294 565 1358 neque
584 1271 680 1336 ullum
707 1293 854 1356 nmquam
875 1273 1081 1337 continentem
1102 1294 1242 1359 prorsum
1265 1280 1320 1338 aut
1336 1280 1412 1340 tem-

245 1372 399 1452 perantem
423 1359 495 1424 satis
518 1357 647 1423 fideliter
675 1357 773 1422 uisum
803 1377 869 1422 esse
894 1358 944 1421 cui
966 1358 1027 1424 rita
1053 1379 1115 1422 non
1140 1358 1220 1422 inter
1244 1358 1308 1442 ipsa
1330 1378 1413 1423 erro·

245 1471 313 1516 rum
346 1445 478 1536 pericula
513 1451 543 1507 ot
577 1443 608 1505 in
642 1441 748 1507 mediis
775 1442 964 1528 voluptatum
994 1442 1154 1508 inlecebris
1185 1443 1338 1527 explorata
1366 1444 1413 1507 sit.

219 1538 324 1604 8Nam
352 1531 401 1596 cui
426 1529 569 1594 libentiae
596 1527 772 1624 gratiaeque
794 1548 901 1592 ornnes
922 1528 1128 1594 conviviorum
1152 1529 1323 1611 incognitae
1343 1529 1414 1610 sint,

248 1620 363 1706 quique
386 1616 504 1680 illarum
528 1634 654 1679 omnino
673 1632 780 1698 expers
805 1613 858 1690 sit,
892 1613 917 1675 si
939 1634 1011 1678 eum
1031 1613 1110 1678 iorte
1131 1613 1169 1678 ad
1192 1612 1414 1698 participandas

248 1700 424 1770 huiusmodi
449 1699 620 1783 voluptates
645 1706 699 1762 aut
721 1697 861 1767 voluntas
881 1697 986 1762 tulerit
1009 1707 1063 1762 eut
1082 1719 1171 1763 casus
1189 1697 1342 1763 induxerit
1361 1706 1415 1763 aut

249 1787 412 1855 necessitas
430 1783 586 1870 inpulerit,
603 1803 674 1848 ιιιοι
696 1781 822 1846 deleniri
839 1789 871 1846 et
891 1783 973 1868 capi,
992 1803 1093 1869 neque
1113 1791 1246 1848 ruentem
1264 1784 1330 1848 eius
1349 1783 1414 1848 ani·

315 1973 393 2042 [un.
410 1969 539 2023 naurs.

246 2059 312 2112 Sub.
346 2055 469 2108 estimas
487 2053 582 2120 uichg.
600 2079 634 2089 -
650 2050 828 2102 iucundiorem
907 2051 1041 2106 diluemus
1057 2056 1088 2118 (5
1100 2054 1153 2120 e.)]
1171 2053 1246 2105 Geli.
1262 2052 1294 2106 Ν.
1309 2054 1340 2105 Α.
1360 2053 1414 2108 Ι.σ.

247 2127 345 2196 54-6.
372 2149 404 2161 -
431 2139 474 2173 mu
498 2123 527 2172 ιί
545 2120 721 2172 conuiuiorum
741 2117 780 2168 ll:
801 2146 835 2157 -
862 2127 886 2172 et
904 2120 1067 2172 insecundo
1084 2139 1137 2190 με
1155 2120 1229 2173 Gell.
1246 2122 1264 2172 l.
1280 2139 1304 2172 c.
1330 2149 1365 2160 -
1388 2123 1414 2174 ιἰι

244 2195 331 2266 primo
350 2199 375 2244 et
392 2207 469 2242 eccuu
490 2207 505 2239 o
523 2189 556 2238 de
574 2185 688 2256 legibue]
713 2184 755 2236 Cl.
775 2203 801 2251 p.
819 2189 880 2249 636,
896 2191 958 2251 641,
976 2191 1037 2255 649,
1055 2193 1115 2249 666,
1135 2193 1193 2239 611.
1214 2189 1313 2257 Stepb.

247 2265 273 2312 6.
303 2259 443 2312 extimavit
460 2255 556 2323 ricbg.
575 2280 607 2292 -
630 2261 659 2307 et
678 2253 715 2304 ud
733 2253 800 2320 sag
818 2255 909 2314 (Gall.
926 2256 1057 2323 reddique
1075 2274 1126 2309 τοι
1147 2273 1214 2308 aene.
1235 2259 1297 2309 luet.
1316 2264 1416 2323 utque

247 2327 284 2380 od
303 2329 437 2380 int-rure.
456 2324 623 2392 cupiendus]
662 2348 696 2358 —
725 2321 780 2372 alio
800 2323 831 2372 ui
848 2324 1030 2388 (dapar.)
1048 2323 1102 2392 i-g.
1134 2325 1207 2376 uliae
1223 2326 1275 2393 qui
1290 2325 1351 2377 Sar.
1383 2351 1416 2364 -

247 2396 354 2464 detegit
373 2397 414 2444 ul.
516 2397 541 2441 7.
568 2389 756 2458 defugiendas
773 2339 848 2440 dett.
866 2419 900 2428 -
921 2389 1078 2443 huiusmodi
1095 2409 1155 2458 r-q.
1176 2419 1208 2430 -
1228 2392 1416 2444 execratione·

246 2462 363 2529 „ffiprio
385 2457 715 2527 [Eleci.1‚r.]on1ntno
734 2457 935 2508 emendandum
955 2461 1076 2523 placuit,
1106 2467 1136 2511 nt
1155 2459 1288 2512 videlicet
1307 2459 1347 2510 itn
1366 2475 1417 2527 ap·

247 2529 398 2596 pellaverit
419 2526 522 2578 inentia
547 2526 613 2577 illos
632 2541 740 2576 errores
761 2532 788 2576 et
805 2526 885 2590 qnaai
905 2526 1010 2592 primns
1026 2527 1252 2579 halucinationes
1271 2533 1337 2578 aute
1354 2528 1418 2594 ple·

247 2613 311 2650 naun
329 2595 526 2648 ebrictatem-‘⁶
544 2593 623 2644 Pont.
637 2619 671 2631 -
688 2592 819 2644 adamus
838 2610 891 2660 v-pq
905 2593 979 2644 Gall.
1015 2597 1052 2645 ud
1068 2613 1088 2661 g
1104 2595 1132 2646 in
1151 2611 1207 2662 urg.
1225 2623 1259 2634 -
1274 2611 1358 2662 neque
1375 2596 1417 2646 ι’ί-

247 2665 301 2716 ίιιιιι
319 2664 381 2714 Sar.
400 2689 432 2699 -
449 2677 561 2728 prorsus
582 2659 657 2709 Gall.
675 2658 737 2709 Sar.
758 2687 790 2695 -
809 2663 852 2710 cui
869 2661 924 2711 nitu
942 2663 1112 2728 uictusque
1127 2662 1278 2728 „Agelline
1295 2662 1418 2715 arrcller.

247 2731 302 2781 Sed
322 2728 474 2790 inscripto
493 2725 906 2778 etreterlbnaeatcuiuitu.“
926 2727 1005 2778 Pout.
1108 2731 1132 2778 6.
1163 2727 1360 2780 licentiosae.
1383 2755 1417 2768 -

247 2797 358 2848 deleniri
376 2797 398 2848 B
417 2795 456 2855 (G
473 2809 490 2847 ο
506 2811 532 2859 p.
552 2797 604 2852 ιιι.)
621 2793 697 2843 Gall.
730 2793 846 2845 deliniri
861 2795 882 2845 d
898 2795 938 2854 (fl
955 2811 971 2846 a
988 2811 1043 2845 τεο.
1059 2797 1110 2859 ιιι.)
1128 2794 1225 2846 SEdd.
1236 2795 1266 2845 Ρ.
1290 2822 1320 2832 —
1344 2798 1419 2851 συδ-

245 2961 337 3012 ιιιοδιι.
374 2958 416 3011 cl.
440 2957 532 3012 llaud.
556 2957 681 3012 Turseli.
703 2957 753 3024 ll',
779 2975 805 3025 p.
856 2955 938 3026 φύσει
954 2957 1001 3010 uel
1017 2955 1114 3028 μελέτῃ
1132 2961 1223 3020 καλῶς
1244 2959 1417 3027 nucumve.

244 3033 299 3082 466
317 3045 357 3093 aq.
855 3027 926 3078 σθαι
938 3023 1025 3092 μηδὲν
1042 3021 1122 3078 ὀκνοῖ
1135 3025 1220 3093 μετὰ
1236 3027 1416 3094 ξυμποτῶν

277 3097 347 3148 iuter
369 3093 472 3145 minuta
495 3091 603 3159 pocula]
631 3091 726 3144 loann.
752 3089 805 3142 δν·
854 3089 1020 3146 πλειόνων
1059 3093 1315 3177 γυμναζόμενος
1353 3091 1415 3150 duc·

244 3164 319 3214 raab.
338 3162 357 3212 l.
377 3178 400 3212 e.
417 3159 495 3212 addit
512 3167 537 3211 et
554 3161 687 3222 modesta,
708 3165 739 3208 ut
757 3157 804 3208 Ci-
854 3158 1017 3214 δείκνυσθαι
1032 3179 1092 3229 την
1107 3159 1143 3214 ἐν
1166 3163 1205 3231 τῇ
1222 3163 1283 3215 τοῦ
1300 3159 1414 3228 adue-

245 3247 310 3282 coro
328 3229 394 3288 Seri.
415 3229 459 3290 ll,
477 3230 520 3277 46.
544 3227 614 3282 dicit
635 3227 732 3294 poeula
753 3227 804 3277 ari·
853 3241 911 3286 τος
937 3221 1110 3298 ἀναγκαίᾳ
1142 3229 1323 3299 διαφθορᾷ
1354 3227 1414 3282 ad·

243 3306 310 3351 autu
329 3304 410 3363 utque
427 3295 558 3346 rorantia.
853 3310 955 3358 ναμιν
970 3289 1115 3362 ὑπερθέων
1132 3295 1180 3349 καί
1194 3298 1304 3364 κρατῶν
1321 3299 1377 3350 ντί..

277 3371 303 3416 6.
346 3364 514 3428 redditosque
548 3360 643 3413 τοιιίιιι
682 3360 805 3412 laetiora
888 3366 1105 3428 aequantium..
1122 3367 1261 3432 τνρίοτσια
1276 3365 1413 3432 eitJGoni.

245 3433 310 3496 eet]
339 3429 381 3481 Gi.
409 3431 492 3481 Pluto
511 3430 545 3479 da
568 3429 623 3495 leg.
647 3427 674 3488 Ι,
698 3445 723 3494 p.
744 3431 804 3479 649.
855 3427 924 3482 ibid.
944 3447 969 3495 p.
988 3423 1089 3484 edistii
1106 3430 1312 3501 τῇμὲνδιαίτῃ
1330 3431 1364 3514 τῇ
1382 3429 1413 3489 ἐν

247 3489 804 3562 Πιόντατὸνάνθρωποναάτδναάτοῦ
855 3490 931 3547 αὖτ’
959 3513 1031 3562 προσ
1087 3495 1186 3563 ἀμενον
1217 3497 1265 3550 καί
1294 3517 1414 3552 eamne

242 3569 317 3618 ποιεῖ
339 3559 371 3626 (ὁ
397 3559 485 3624 σίνος)
508 3562 619 3628 πρῶτον
640 3561 736 3614 ἵλεων
758 3557 805 3613 εὖ·
855 3557 944 3631 αὐτην
975 3563 1018 3616 δεῖ
1046 3567 1137 3618 taison
1168 3560 1242 3620 cliro
1269 3566 1299 3632 pi
1328 3568 1414 3619 εσθαι

242 3625 468 3718 θὺςμᾶίίονῆ
485 3627 720 3710 arcessendam
737 3623 806 3681 ὅτιά-
853 3627 925 3696 erede
939 3626 1065 3699 ἀνδρίαν,
1082 3627 1222 3718 ἄποτμος
1239 3631 1275 3686 δὲ
1292 3585 1332 3700 iij
1347 3649 1412 3686 που

243 3714 282 3768 σῳ
297 3718 334 3752 αν
346 3696 428 3750 πλέον
446 3693 536 3750 αὐτου
545 3693 805 3782 primusquoddam
855 3698 913 3750 acui
930 3693 1147 3766 ἀγύμναστος
1162 3719 1206 3753 ων
1222 3700 1287 3752 τῶν
1300 3696 1413 3756 rotori-

241 3765 374 3820 πλειόνων
398 3760 513 3818 ἐλπίδων
535 3764 654 3829 αγαθάν
679 3764 804 3831 σιδηροῦ·
852 3781 916 3818 των
932 3761 1070 3834 ἀγόνων
1092 3762 1251 3820 ὁστισοῦν
1274 3762 1347 3820 orid'
1371 3759 1412 3825 δν

243 3837 312 3887 σθαι
335 3832 383 3911 ταί
405 3831 610 3915 δυνάιααςεείς
629 3827 729 3896 δόξανς
754 3829 802 3883 καί
850 3825 973 3950 jaccae
1004 3833 1131 3886 ἑαυτοῦ
1163 3831 1293 3901 γίνοιτο
1322 3830 1412 3902 πρὸς

241 3903 373 3952 estentona
388 3899 422 3965 δη
440 3913 560 3965 πασηςο
578 3899 703 3958 τοιοῦτος
719 3897 801 3964 παῤ-
877 3897 983 3967 patrie.

242 3963 361 4086 5qclec
382 3956 419 4024 ἀς
435 3961 524 4031 σοφὸς
538 3959 574 4017 ἀν
590 3966 738 4030 μεστοῦται
752 3964 801 4018 καί
885 3972 910 4020 6.
935 3969 1060 4020 liberatica
1072 3968 1232 4036 gratiaeque
1244 3985 1332 4023 σιιιιιστ
1347 3985 1412 4021 ene·

261 4031 456 4096 ίευθερίας,
490 4027 580 4098 πάσης
609 4029 639 4084 di
667 4027 799 4100 nimediae,
850 4036 992 4099 viciorum]
1024 4035 1105 4088 Plato
1131 4035 1201 4087 dicit
1230 4038 1250 4089 l.
1273 4054 1313 4088 c.=
1346 4032 1412 4088 Σοί-

242 4095 280 4162 ἀς
295 4115 324 4150 τε
342 4097 427 4149 altreie
443 4114 472 4148 τε
488 4092 596 4159 ἀόκνως
617 4093 726 4165 ὁτιοῦν,
750 4093 799 4158 (ἀς-
850 4117 929 4167 appear
946 4095 976 4151 di
998 4090 1055 4166 ἀρα
1069 4097 1165 4162 τελέως
1185 4099 1261 4156 ἔσται
1282 4101 1321 4170 μὴ
1342 4104 1412 4154 τοί-

241 4162 581 4230 αιιτωςδὲιιαίτιρᾶξαις
680 4175 685 4188 “
850 4167 910 4226 ίαῖς
941 4161 1084 4233 ἡδοναῖς
1116 4167 1171 4221 καί
1207 4167 1411 4236 ἐπιθυμίαις

275 4243 300 4285 7.
328 4251 380 4285 acu
400 4233 584 4299 diffugiendas
607 4247 661 4284 σιττ
679 4232 800 4284 huiusce·
849 4249 920 4298 τροτ
938 4229 1066 4295 ετιοάσαις
1080 4229 1269 4304 ἀναισχυντεῖν
1284 4236 1331 4289 καί
1345 4232 1411 4288 ἀδι-

240 4303 312 4352 modi
339 4302 537 4352 exercitatioque
565 4299 705 4350 σιίοστιιιιιι
731 4315 799 4380 pro·
848 4303 906 4352 νεῖν
920 4252 1280 4370 ἀιαμεμαχημὲνος,...ἀίί’
1292 4299 1410 4369 ἀπαθὴς

238 4368 401 4436 pulsandum
416 4367 472 4418 viui
489 4365 652 4432 uiolentiam]
672 4365 715 4416 (ll.
729 4365 797 4418 rbid.
850 4359 889 4419 cdv
903 4363 1015 4420 πάντων
1030 4367 1241 4424 τῶντοιούτων.

241 4449 267 4498 p.
287 4435 346 4484 646.
374 4431 415 4484 El
433 4449 462 4483 τε
486 4450 527 4494 τις
553 4428 642 4501 ἑαυτῷ
664 4425 799 4484 πιστεύων
882 4443 991 4489 mentera
1007 4437 1064 4491 ciue
1078 4438 1408 4506 αιιιτιιιιιιςιιττοιιιίιιετε]
