2992 4867
249 108 312 177 384
733 114 944 183 Mecuoelt

251 300 314 365 quo
336 296 385 344 ma
405 279 525 353 trabere
546 281 681 346 coneris:
705 302 742 347 eo
766 282 895 358 scilicet,
940 302 983 347 uo
1001 281 1127 348 minime
1143 282 1228 361 volo,
1250 282 1289 347 ad
1306 302 1421 368 coupa-

251 364 398 430 tationem
422 364 558 429 Maronis
583 374 614 431 et
641 366 742 432 Tullii.
785 302 966 432 Verecunbc
996 366 1077 433 enim
1109 365 1318 452 interrogasti,
1351 376 1423 433 uter

251 468 357 514 eoram
378 448 592 547 praestantior,
620 449 869 537 quandoquidem
888 452 1062 517 necessario
1083 451 1109 515 is
1131 452 1296 538 plurimum
1316 451 1421 517 conla-

222 542 339 605 tturus
362 541 401 597 art
423 532 477 618 qni
497 534 562 619 ipse
574 534 744 683 plurimum
765 544 907 620 praestat
954 536 1012 602 Sed
1041 536 1129 601 istem
1155 535 1230 601 mibi
1256 536 1421 601 necessita·

252 627 313 683 tem
342 616 434 684 altam
461 625 492 682 ct
518 640 573 705 pro
608 621 698 685 ndam
722 622 861 686 remittes
886 620 972 686 volo:
1003 620 1075 706 quia
1096 643 1160 687 nou
1183 632 1319 687 uouemus
1342 622 1424 686 inter

251 703 319 768 illos
342 714 439 767 tuctus
469 726 635 790 conponere
660 706 740 782 lites,
777 726 834 770 nec
859 706 957 769 ausim
982 704 1013 769 in
1039 704 1186 771 utrumvis
1207 712 1324 793 partem
1352 706 1422 771 telis

251 787 420 854 sentcntiae
440 795 549 853 auctor
567 788 671 854 videri.
714 790 783 855 Hoc
803 790 901 855 solum
924 790 1044 855 eudcbo
1063 789 1191 865 dixisse,
1222 790 1294 875 quia
1316 789 1420 855 lacun-

251 873 302 938 dia
322 872 484 939 Mantuani
502 873 658 959 multiplex
681 883 712 939 et
733 874 927 940 multiior'mis
948 883 996 939 est
1016 883 1049 941 et
1070 868 1190 940 dicendi
1210 895 1307 959 genus
1326 896 1422 940 omne

253 956 464 1045 conplectitur.
503 957 584 1023 Ecce
606 958 686 1024 euim
713 958 744 1022 in
765 958 914 1025 Cicerone
936 967 1038 1024 restro
1059 980 1140 1025 unus
1161 957 1354 1044 eloquentiae
1374 966 1421 1024 te-

223 1052 311 1116 5nor
338 1050 401 1140 est,
434 1042 484 1107 illc
508 1042 667 1109 abundans
687 1050 858 1110 citemus
879 1052 912 1109 et
930 1040 1084 1143 copiosus
1127 1043 1295 1110 Oratorem
1316 1051 1421 1109 eutem

253 1127 833 1280 ilirtdiiblilstl'ttb
853 1126 1422 1298 :sustinuerimus

252 1320 307 1363 cus
331 1305 363 1363 et
386 1296 507 1363 sobrius
528 1306 610 1363 amat
637 1298 798 1383 quendem*
818 1298 938 1363 dicendi
964 1298 979 1361 l
1051 1298 1179 1375 litatem,
1210 1298 1288 1363 alius
1315 1296 1421 1383 pingui

254 1392 285 1449 et
310 1382 464 1449 luculente
496 1390 527 1447 et
556 1382 662 1449 llorids
688 1384 828 1451 cretione
855 1382 981 1449 lascivit„
1006 1392 1009 1398 '
1036 1405 1057 1447 n
1083 1402 1146 1469 que
1171 1390 1255 1448 tanta
1281 1382 1419 1448 omniurn

253 1467 499 1534 dissimilitudine
524 1488 604 1534 unus
631 1468 756 1535 omniuo
784 1468 930 1553 Virgilius
959 1467 1112 1533 invenitur
1138 1466 1191 1553 qui
1217 1466 1420 1553 eloquentiam

224 1561 290 1627 tter
315 1553 399 1619 omni
427 1573 537 1638 genere
559 1554 742 1619 manaverit„
785 1553 957 1641 Respondit
976 1554 1125 1619 Avienus:
1152 1551 1298 1638 apertius
1314 1551 1421 1618 vellem

226 1649 303 1712 Tmo
327 1638 382 1703 bes
405 1636 594 1703 diversitates
615 1638 672 1702 sub
695 1658 894 1723 personarum
916 1638 1061 1722 exemplis
1082 1636 1217 1702 doceres.
1265 1637 1425 1715 Quattuor

253 1730 339 1798 sunt,
371 1722 471 1805 inquit
491 1722 659 1798 Eusebius,
685 1742 796 1805 genere
818 1721 952 1785 dicendi:
974 1722 1151 1805 copiosum,
1177 1722 1209 1784 in
1229 1742 1292 1805 qno
1313 1720 1425 1787 Cicero

253 1806 444 1871 dominatur:
476 1805 584 1881 breve,
606 1804 720 1887 inquo
742 1804 893 1869 Salustius
913 1813 1034 1887 regnat:
1062 1804 1194 1879 siccum,
1220 1803 1304 1888 quod
1322 1806 1425 1869 Fron-

253 1890 319 1955 toni
352 1887 529 1952 ascribitur:
564 1888 676 1971 pingue
707 1895 738 1951 ot
765 1887 925 1963 lloridum,
958 1887 990 1952 in
1020 1906 1083 1971 quo
1114 1886 1232 1951 Plinius
1259 1886 1428 1953 Secundm

253 1972 407 2072 quondum
429 1978 461 2035 et
484 1989 566 2035 nunc
590 1970 674 2035 nullo
695 1980 832 2036 veterum
857 1970 959 2036 minor
981 1979 1086 2037 noster
1106 1969 1306 2057 Symmachus
1330 1970 1426 2036 luxu-

252 2066 357 2124 riatur.
402 2054 463 2120 Sed
488 2054 570 2152 apud
595 2074 691 2119 unum
717 2056 878 2121 Maronem
904 2054 981 2121 baec
1006 2063 1153 2141 quattuor
1178 2075 1289 2141 genera
1313 2074 1424 2141 reppe-

224 2144 321 2210 8ries.
366 2140 422 2205 Vis
443 2138 550 2205 audire
571 2140 654 2205 illum
674 2146 759 2204 tanta
781 2140 929 2206 brevitate
951 2139 1118 2218 dicentem,
1156 2148 1193 2205 ut
1212 2139 1306 2206 artari
1326 2140 1424 2225 magis

202 2235 288 2315 [soret
304 2223 443 2291 contrnbi
463 2224 593 2291 brevitas
612 2224 678 2311 ipse
698 2244 762 2289 non
784 2224 904 2309 possit?

320 2396 402 2463 [une.
417 2394 493 2449 aas.

252 2497 307 2532 orn.
327 2480 358 2532 Ρ.
382 2478 550 2547 „scripturn
570 2478 629 2529 t'cre
650 2478 792 2533 relcrebnt
808 2484 833 2530 et
846 2476 1009 2545 profundent
1028 2494 1080 2529 rena
1095 2478 1187 2529 uittae
1204 2477 1264 2530 onie
1281 2474 1315 2543 [Δ
1330 2476 1423 2529 renit-

251 2548 312 2617 toeJ.
353 2546 529 2599 Sententiam
553 2562 645 2597 meum
670 2562 723 2597 noe
748 2547 857 2615 urgebo
883 2544 1083 2611 pertinaciter,
1110 2544 1183 2611 qnod
1207 2550 1298 2596 tanuen
1323 2542 1423 2595 iniecit

250 2614 387 2698 euspicio,
402 2613 576 2695 nomnilebo,
597 2612 763 2695 compendio
781 2612 915 2664 nimirum
931 2611 1073 2663 scribendi
1092 2610 1364 2692 elnpnnmiortnnnie
1378 2610 1423 2661 le·

251 2682 380 2801 blut:
396 2682 904 2808 lli'tttlutzttz'tf‘ustistte
919 2678 1225 2813 urstisius:
1241 2680 1423 2812 ditm:

252 2816 300 2883 qni
319 2817 430 2867 niterent
447 2831 520 2865 even
538 2828 588 2880 pru
607 2829 659 2863 nou
679 2813 752 2863 leona
767 2816 828 2864 nire
847 2811 952 2877 imprun
973 2828 1021 2863 orn
1035 2814 1216 2879 nenrpnbnut.
1246 2812 1326 2863 Unde
1344 2819 1424 2880 pnet-

253 2882 376 2942 mudum,
394 2879 712 2945 circumcursat.
733 2879 782 2931 lib.
803 2880 825 2932 l.
845 2896 870 2946 p.
890 2879 928 2945 t.]
948 2830 1043 2942 docet,
1059 2880 1128 2933 niter
1170 2896 1200 2931 rn
1216 2881 1335 2933 adseren
1352 2881 1423 2933 nnb-

253 2950 318 3001 intle
337 2948 481 3000 dicebatur
501 2953 529 2997 et
552 2947 656 2997 trrelu.“
681 2946 764 2998 Punt.
792 2975 823 2985 -
852 2946 916 3013 nou]
939 2947 985 2999 01.
1008 2947 1086 3015 virg.
1105 2947 1168 2998 lle.
1187 2946 1244 3013 ΙΙΙ,
1263 2951 1320 2999 roe.

251 3022 275 3067 u.
301 3016 388 3068 tenuis
404 3016 517 3085 quiden
531 3011 559 3063 S.
578 3038 611 3051 -
630 3014 735 3065 dicendi
750 3015 814 3065 ndd.
832 3028 849 3065 ι
866 3028 923 3064 nee.
941 3030 976 3065 ru.
992 3012 1023 3065 Δ.
1042 3040 1068 3052 -—
1088 3014 1300 3067 dissimulatione
1311 3012 1424 3083 Sviehg

251 3082 307 3151 (leg
325 3082 352 3135 in
372 3098 427 3149 mg.
445 3079 674 3147 dissimilitudine)
693 3080 786 3132 utres.
810 3110 837 3120 -
863 3081 998 3132 inuenitur
1020 3081 1152 3149 Virgilius
1166 3081 1213 3134 nin
1226 3082 1299 3149 (οὓς
1316 3084 1422 3152 Verg.)

252 3150 301 3201 Pe.
326 3176 359 3188 -
384 3157 418 3201 ut
435 3148 611 3215 eloquentium
629 3147 677 3198 Pt-
781 3153 805 3200 e
835 3148 911 3213 Quod
928 3163 1030 3215 genere
1050 3150 1166 3200 dicendi.
1188 3151 1253 3217 cop.
1273 3154 1316 3200 nl.
1412 3184 1421 3198 .

255 3216 276 3268 l.
304 3218 373 3284 Quot
391 3216 444 3273 siut
463 3214 569 3267 dicendi
585 3230 695 3283 genere.
721 3215 776 3268 nui.
877 3220 904 3266 e.
932 3216 1047 3266 treeiton
1069 3216 1138 3281 (om.
1156 3216 1232 3284 ipen)
1249 3216 1298 3267 re.
1321 3242 1355 3255 ·-
1412 3226 1422 3269 t

285 3368 311 3423 l.
353 3368 431 3419 intutu
458 3402 481 3417 ..
508 3366 698 3433 acmentarium]
732 3364 752 3416 i.
786 3382 810 3418 e.
861 3364 1042 3427 tlt,1,ro.;
1079 3363 1162 3417 oete.
1184 3363 1213 3417 Δ.
1238 3364 1269 3416 A.
1295 3362 1419 3430 11,89.ς

252 3432 447 3487 uaceeeitnteru
469 3432 503 3483 de
526 3448 560 3485 en
584 3450 628 3498 re,
655 3433 689 3483 de
707 3448 762 3501 qun
779 3426 810 3485 tn'
860 3432 933 3484 Stet.
951 3431 1043 3483 Tbeb.
1063 3431 1085 3492 l,
1105 3434 1180 3494 taen
1197 3432 1250 3484 Sil.
1268 3432 1314 3492 ll',
1337 3434 1386 3483 ree

252 3502 306 3564 ele,
325 3499 524 3567 disputandi·
553 3504 558 3513 '
894 3501 1029 3565 quondan
1071 3499 1178 3550 dicendi
1214 3497 1419 3568 frugalitatem]

285 3568 481 3639 dictiuncula]
501 3566 634 3618 Vident.
653 3565 808 3619 eticorum.
860 3566 991 3618 imitetur
1024 3564 1244 3633 Quintilianum,
1275 3566 1322 3633 qni
1353 3566 1417 3626 llll,

254 3637 274 3696 l,
294 3642 319 3697 6,
336 3640 379 3687 61.
862 3638 908 3697 10,
925 3638 982 3684 ute
1013 3634 1191 3701 Quapropter,
1218 3633 1324 3700 lnquit,
1351 3634 1419 3685 ntae

290 3704 366 3770 liceo]
392 3700 435 3752 111.
461 3699 491 3766 §fl
518 3704 542 3751 8.
569 3708 597 3753 et
624 3702 665 3749 to.
694 3706 722 3751 et
750 3698 807 3751 vid.
854 3701 921 3765 sulti
935 3701 1045 3751 neultiun
1060 3702 1197 3765 uidentur,
1215 3702 1261 3768 qui
1277 3702 1346 3753 nolon
1361 3716 1419 3752 eene

205 3770 209 3778 ’
252 3770 379 3838 proleg&
401 3786 427 3835 p.
445 3784 502 3819 xm.
858 3768 959 3819 Atticos
982 3768 1092 3819 credunt
1117 3776 1208 3820 tenues
1235 3802 1259 3820 ..
1285 3776 1311 3819 et
1337 3784 1417 3833 qun-

286 3838 314 3890 in
346 3838 469 3890 Gieerm
497 3832 591 3901 centra]
621 3832 690 3885 dioit
717 3834 807 3889 Eune·
857 3834 927 3887 deur
960 3834 1175 3902 eloquentiae
1202 3835 1418 3905 frugalitete

154 3932 156 3937 ·
251 3904 325 3964 bion,
343 3910 375 3955 nt
391 3902 438 3969 qni
459 3900 521 3967 ipae
537 3900 575 3951 nit
593 3898 727 3953 Grnocne.
761 3900 807 3955 ct.
857 3908 997 3954 coutentes.

251 3966 806 4033 tutne.251r;l,1e,te;pec-
890 3973 915 4019 1.
962 3966 1098 4033 stantune]
1141 3966 1223 4019 Hunc
1260 3968 1415 4021 Eumenius

250 4040 328 4106 legg.
347 4056 373 4105 p.
390 4052 453 4089 ιιι.
582 4062 584 4069 v
857 4031 1023 4101 Panegyris.
1039 4032 1184 4088 coaetant.
1208 4039 1250 4089 11.
1277 4038 1417 4090 lio-enne

283 4106 394 4171 mene]
410 4102 453 4154 01.
469 4104 486 4164 Β
505 4105 545 4157 te.
577 4101 725 4154 Torrentem
743 4116 806 4151 orn·
855 4100 1019 4168 eloquentiae
1037 4118 1090 4153 non
1111 4103 1258 4157 nemnem
1275 4106 1323 4156 end
1343 4106 1415 4156 elte-

251 4174 355 4225 tineent
392 4168 523 4225 dixerunt
560 4168 645 4220 etiem
686 4166 807 4234 Quintil.
855 4184 914 4218 rnen
931 4169 1010 4219 decen
1032 4167 1118 4232 dicit,
1145 4177 1175 4221 et
1195 4168 1258 4221 eine
1279 4170 1415 4237 dineipnll

249 4242 318 4293 luet
344 4237 401 4301 lll,
426 4240 459 4301 s,
483 4238 527 4288 60.
554 4242 583 4291 el
609 4234 681 4291 Ptin·
708 4233 740 4287 N.
765 4234 805 4287 fl.
856 4233 1023 4301 dieebnntur
1038 4234 1219 4295 stentonieni.
1255 4238 1299 4289 ct.
1315 4238 1414 4291 Sidon.

250 4306 348 4369 xxvi,
362 4310 387 4359 e.
402 4321 426 4356 a·
445 4310 470 4353 1.
855 4300 949 4367 Apoll·
965 4301 989 4362 1,
1009 4306 1032 4355 1.
1056 4302 1210 4357 usal-unc.
1227 4304 1278 4367 ΙΙΙ,
1294 4323 1320 4372 p.
1335 4308 1398 4359 bSl.

282 4376 310 4425 b.
345 4371 431 4423 eiicere
455 4367 586 4433 adfectet]
618 4384 634 4417 e
659 4372 805 4433 poetarum
888 4368 986 4436 noster]
1014 4368 1127 4423 dieitur'
1144 4369 1347 4439 syr-necnee,
1383 4377 1415 4424 ut

249 4450 327 4487 neore
344 4436 449 4487 dietam
469 4442 526 4497 ents
548 4435 583 4487 ei.
595 4433 687 4487 rum.
700 4432 805 4487 lincoln.
854 4434 904 4499 qni
920 4434 1033 4489 intersit
1049 4436 1190 4504 tunninio,
1213 4455 1268 4491 non
1282 4446 1414 4506 rnnpeetn
