2992 4867
223 91 287 157 ano
618 170 624 179 ⁵
705 87 915 154 naeuosu

222 262 326 328 Mam
346 258 533 324 saltatoriam
553 258 632 321 sister
651 256 792 321 maasias
809 259 941 342 mapines
958 259 1108 345 peremtas
1130 261 1263 346 inposui.
1309 259 1393 326 Haec

220 369 290 414 enm
312 346 391 410 mili
415 344 573 430 ᾳιιὺφιαιιι
596 341 756 418 mnata,
786 363 849 406 non
870 355 1008 428 poteram
1034 346 1168 410 animam
1196 345 1393 411 inducerem

222 435 331 498 liberos
349 452 419 494 suos
439 428 571 492 loomim
587 427 841 526 nalslmfldoeere:
871 429 923 492 sed
941 449 1008 525 eam
1022 429 1133 527 'duetus
1152 451 1217 494 sam
1237 432 1271 494 in
1288 430 1394 494 ludum

222 517 418 615 senatoriam
433 513 505 598 plue
518 513 639 612 ¹ssserlras
651 512 745 596 fideus
764 534 799 575 en
817 534 850 576 ea
870 512 941 576 ludo
962 513 1024 612 esde
1035 515 1147 662 pueros
1169 515 1394 614 oirqr'sribasque

173 597 1393 768 tunnam‘wu

194 774 340 922 8dlsilnleniie
356 767 711 949 mneq'qqqltqwqqzare
741 767 1392 950 rlgsmqlglmlillgilumnllgillrlrenllulrll

224 962 329 1016 canus,
347 938 432 1036 quod
453 937 577 1001 rrdrsset
595 958 665 1001 cum
687 937 810 1034 crotalis
829 936 987 1002 saltantem
1008 937 1102 1035 filium
1129 939 1275 1036 petitoris!
1296 939 1326 1004 id
1347 946 1394 1036 est

224 1025 392 1100 candidata,
426 1043 516 1107 quem
548 1030 676 1086 netum
698 1021 822 1107 quadem
847 1043 917 1106 spes
939 1031 1068 1120 stratio
1090 1023 1276 1121 adrprsoentlr
1299 1044 1346 1088 rue
1369 1047 1392 1088 1-

224 1119 352 1186 stratus,
386 1128 448 1206 quo
473 1115 612 1191 ternpore
637 1128 671 1171 se
695 1125 832 1205 suosque
855 1106 893 1171 ab
920 1128 1002 1171 omns
1030 1109 1152 1206 probro·
1170 1109 1275 1174 debuit
1296 1044 1392 1173 riuli-

224 1218 303 1273 oare,
322 1202 457 1280 potuerat
473 1212 623 1269 coercere,
646 1212 710 1290 quo
733 1211 833 1256 rnrnus
853 1189 963 1256 laceret
984 1193 1068 1291 quorl
1089 1194 1204 1258 scilieet
1222 1201 1311 1279 turpe
1332 1214 1395 1257 non

224 1282 402 1347 habebatur.
441 1278 583 1344 Ceterum
607 1297 748 1363 superruo
775 1277 955 1375 pleramque
976 1278 1163 1344 nobilitatem
1185 1279 1260 1344 haee
1280 1298 1394 1364 propu-

196 1367 276 1434 odia
300 1365 454 1434 celebrare
482 1371 669 1452 conquestus
693 1370 747 1430 est.
808 1361 857 1428 sie
882 1382 1024 1430 namnum
1054 1364 1097 1429 M.
1121 1363 1199 1433 Cato
1225 1372 1393 1435 senatorem

362 1489 377 1516 0

293 1555 374 1621 [Μιι.
393 1552 520 1604 ABGPS.

223 1641 309 1708 proteo
326 1637 385 1689 BG.
407 1665 438 1674 -
463 1637 585 1703 quisque
603 1635 679 1702 (sup.
700 1635 759 1700 ars)
776 1635 806 1686 Α.
843 1637 984 1705 quispiam
1008 1637 1150 1689 desiderat
1167 1639 1305 1706 llleyerns.
1333 1637 1394 1690 Via.

225 1715 281 1758 not.
306 1733 337 1743 -
358 1705 486 1756 narrabit
506 1709 580 1768 (sup.
598 1709 630 1762 a)
651 1706 679 1752 Α.
705 1729 739 1740 -
763 1703 863 1753 nabiles
879 1704 995 1754 leminea
1014 1721 1074 1770 r-g.
1097 1733 1131 1744 -
1160 1707 1307 1773 uirginibus
1324 1713 1395 1766 (om.

225 1775 289 1890 Ἐκ)
314 1771 369 1822 Μῖ.
393 1799 427 1810 -
454 1771 651 1837 quinquaginta
675 1767 759 1818 (illi.
797 1770 960 1837 quingenta
986 1770 1154 1820 Asst’nttett.
1188 1775 1350 1840 quingentis
1372 1773 1393 1822 S

250 1841 293 1889 dd.
307 1838 339 1888 P.
364 1839 496 1902 Meyerus
520 1837 539 1886 l.
564 1854 587 1885 e.
621 1833 859 1900 „Selislseriensis
891 1836 939 1886 tiu.
968 1837 1039 1887 tut.
1073 1855 1133 1904 esp.
1165 1843 1204 1889 12
1237 1840 1393 1889 ducentis.“

225 1909 330 1958 Meurs.
347 1921 450 1972 -qna
468 1921 508 1954 me
521 1921 579 1965 r-g.
598 1902 754 1966 „etettu·.“
771 1901 875 1952 Maure.
893 1929 925 1940 —
938 1905 1052 1955 maxime
1069 1921 1124 1956 orn.
1140 1904 1186 1956 Sr.
1202 1933 1234 1943 —
1248 1907 1395 1957 miseritum

226 1973 338 2025 ABMR.
372 1975 510 2023 misertum
529 1968 706 2020 uantrPsv.
810 1974 836 2020 8.
867 1969 1007 2038 ingemuit
1027 1988 1052 2022 r.
1080 1999 1112 2009 —
1141 1973 1306 2040 adipiscendi
1322 1973 1394 2025 ratio

222 2041 338 2110 potuerit
357 2041 406 2106 (rit
422 2043 567 2106 potuerat)
586 2052 701 2088 coercere
718 2037 895 2104 magistratus
914 2055 964 2105 quo
984 2077 1008 2090 ..
1026 2040 1113 2091 deluit
1131 2042 1282 2091 vindicare.-
1299 2059 1350 2106 quo
1368 2057 1394 2093 r.

224 2137 258 2146 -
275 2108 359 2176 probo
376 2107 406 2157 A.
429 2133 455 2144 -
474 2106 569 2172 patuit
587 2104 641 2171 i·g.
666 2131 693 2140 -
715 2111 855 2170 tempore
872 2123 925 2155 non
941 2105 1085 2157 lsaletatar
1102 2111 1144 2158 vl.
1161 2135 1191 2145 -
1213 2110 1340 2159 Ceteram
1358 2107 1393 2158 G.

224 2203 257 2214 -
284 2176 384 2243 pteram
406 2191 436 2224 ue
457 2171 852 2238 ABGt‘iiaptaer.)lrM12³.
890 2173 1045 2242 plerunque
1067 2173 1133 2242 Sag.
1170 2176 1338 2242 plerumque
1362 2182 1393 2236 (r

222 2192 416 2311 plamae-lsi.
436 2269 464 2279 -
485 2241 613 2306 naeepro
627 2240 789 2306 pudicitia
807 2238 834 2290 S.
921 2243 947 2288 s.
965 2245 990 2290 9.
1016 2249 1223 2308 conquestoreest
1244 2244 1318 2294 Calo.
1348 2244 1393 2294 ste

224 2312 347 2362 nimirum
366 2311 401 2360 Μ.
420 2311 609 2359 senatorem!
629 2308 679 2373 (vl
695 2309 770 2359 inde
788 2313 946 2368 senatorem]
974 2335 1000 2345 -
1032 2309 1069 2358 Μ.
1087 2319 1230 2360 senatorem
1249 2312 1317 2374 (om.
1339 2311 1392 2363 Ca-

224 2384 265 2439 to)
286 2377 405 2428 uut’tts
423 2377 450 2427 iu
468 2391 522 2442 mg.
541 2391 557 2426 a
574 2391 629 2426 ree.
648 2390 683 2424 ιιι.
698 2376 763 2428 srld.
779 2374 868 2439 Coto).
898 2391 975 2426 men.
992 2384 1136 2428 senatorem
1157 2377 1200 2427 Mt
1221 2393 1277 2445 np.
1297 2394 1332 2428 nr.
1364 2379 1394 2430 in

225 2453 371 2497 senatorem
389 2443 502 2504 Mureti
525 2457 613 2494 asae.
630 2447 692 2502 ιιι).
727 2443 789 2508 ,,Μ.
811 2443 942 2494 Caelium
961 2443 1025 2510 lego
1046 2459 1078 2493 ex
1098 2444 1209 2513 Agellio
1228 2445 1276 2496 lib.
1293 2445 1314 2494 Ι.
1332 2461 1392 2512 cap.

227 2517 268 2566 15.
291 2521 319 2565 et
333 2511 418 2564 Festo
442 2511 469 2561 in
490 2511 668 2578 spatiatorem
690 2516 718 2561 et
737 2509 856 2562 Asconio
876 2509 910 2561 ad
931 2509 1121 2563 Miloniananr.
1157 2511 1234 2579 Apud
1260 2512 1392 2565 loannem

225 2689 305 2740 llnee
327 2692 458 2752 poterant
480 2685 580 2736 hateri
600 2701 650 2751 pre
674 2685 786 2737 obieeta
836 2689 892 2737 tens
911 2702 957 2738 rss
976 2686 1038 2752 ipse
1054 2687 1231 2742 commendat
1247 2705 1329 2756 qaam
1348 2705 1394 2742 eo-

225 2755 416 2806 anteeedentis
434 2753 512 2802 vestri
531 2759 653 2803 tentore.-
678 2753 726 2803 sed
749 2754 783 2803 ad
836 2753 928 2804 dicum
950 2753 1115 2819 scripturae.
1155 2773 1157 2777 ·

226 2822 348 2873 Caesetii
378 2819 495 2886 Nepotis
524 2818 726 2886 praefationem
760 2819 786 2871 si
868 2835 980 2885 puerum
998 2821 1137 2890 tulletum]
1157 2821 1199 2874 Cf.
1218 2823 1241 2884 l,
1259 2828 1286 2886 6,
1305 2827 1345 2874 to.

225 2897 395 2956 spectemus,
407 2903 457 2952 pro
469 2886 786 2952 appositionelsalsends
869 2903 948 2952 quarn
968 2889 1137 2940 saltationem
1161 2926 1186 2941 ..
1210 2891 1316 2944 tenente
1337 2892 1394 2944 sal-

226 2963 298 3020 sant,
319 2962 350 3007 nt
367 2971 401 3005 es
417 2971 489 3021 qnao
508 2954 675 3003 antecedant
692 2954 786 3005 omnia
835 2957 892 3003 tare
912 2971 965 3004 non
982 2954 1077 3022 pessit]
1097 2955 1200 3008 Eadem
1219 2973 1290 3023 qaae
1309 2960 1394 3024 paula

225 3041 242 3076 a
260 3022 414 3076 maioribus
432 3021 534 3087 probro
555 3021 639 3072 dueta
660 3037 722 3071 esse
742 3020 784 3073 sl·
834 3035 919 3083 snpra
935 3020 984 3071 hio
1002 3021 1091 3073 oritur
1108 3024 1248 3088 quaestio,
1268 3025 1316 3076 sed
1336 3027 1395 3080 ntia

225 3093 353 3144 deantur.
835 3085 951 3152 ratione,
963 3088 1073 3153 opinor,
1086 3089 1228 3142 solvenda·
1251 3091 1319 3143 Nam
1335 3111 1393 3147 eum

259 3157 411 3228 quisquam]
434 3156 565 3222 Meyeras
587 3153 607 3205 l.
626 3172 649 3205 e.
668 3155 783 3206 stloota-
834 3155 941 3205 erotalis
958 3156 1058 3207 saltare
1076 3173 1128 3208 non
1148 3157 1261 3210 omnino
1278 3159 1395 3216 dedecet

224 3228 279 3279 rit:
312 3226 391 3292 „l‘irn
421 3222 594 3290 pronominis
619 3239 674 3274 non
700 3221 785 3273 intel·
834 3218 995 3287 inpudicum
1008 3226 1188 3287 serram,sed
1203 3231 1394 3281 tantummodo

225 3297 300 3363 ligor
331 3293 460 3344 desidera
486 3289 615 3357 equidem
642 3291 783 3358 quispiam.
834 3289 940 3341 saltare
962 3290 1141 3343 saltationem
1161 3294 1345 3362 obscoenam,
1364 3305 1395 3348 nt

226 3363 368 3415 Munatius
384 3360 498 3410 verneil
518 3358 576 3409 (lie.
595 3358 645 3424 Ep.
664 3358 698 3408 ad
717 3358 784 3408 isra.
870 3374 912 3408 om
934 3359 1100 3412 saltationem
1128 3361 1233 3412 dictam
1261 3380 1324 3414 esse
1350 3363 1393 3416 ri-

226 3432 301 3495 Vlll,
312 3435 336 3481 8.
356 3429 384 3480 ia
401 3429 438 3478 Μ.
455 3426 553 3478 Coelio
571 3425 645 3476 Belo
659 3424 783 3478 similem
834 3373 935 3475 lister
957 3441 1007 3492 pro
1034 3443 1091 3479 eam
1114 3429 1282 3480 saltationem
1304 3447 1391 3498 quaer.

225 3495 398 3566 pronominis
421 3510 501 3546 usum
519 3511 552 3544 ea
571 3508 707 3544 exeassre
725 3497 785 3543 stu·
835 3489 878 3542 Gl-
895 3491 953 3544 cte.
972 3492 1050 3545 Brut.
1068 3498 1110 3546 62.
1131 3495 1221 3561 §225-
1238 3506 1268 3549 ut
1286 3499 1392 3550 sslta-

226 3568 286 3631 det,
316 3563 388 3632 qnosl
412 3571 521 3613 veteres
543 3562 583 3612 ita
609 3561 694 3612 loeati
718 3561 785 3612 sint.
835 3559 881 3611 tio
903 3563 1033 3627 quaedam
1052 3571 1218 3627 nasemetsr,
1246 3565 1299 3615 eui
1324 3567 1393 3617 sal·

224 3635 286 3686 vta.
305 3634 339 3685 etl
358 3633 412 3685 (let
439 3647 479 3681 or,
505 3629 540 3679 ala
559 3629 651 3679 ttnoo.
671 3645 697 3694 p.
717 3629 784 3678 ot.“
836 3628 960 3679 tatiani
975 3629 1060 3680 litias
1076 3641 1257 3684 nomenesset.
1275 3630 1331 3682 Nec
1347 3649 1392 3685 me

223 3729 260 3741 -
293 3701 370 3751 llaee
401 3697 564 3764 pronomina
600 3712 668 3746 esne
700 3711 785 3761 saepe
835 3703 928 3747 moret
950 3696 1021 3761 quod
1044 3696 1118 3748 intra
1138 3698 1264 3763 sequitur
1284 3704 1391 3752 tantam

225 3769 440 3820 confunduntur.
463 3765 520 3816 l'id.
541 3764 628 3815 fleus·
649 3770 705 3815 not.
724 3767 784 3814 36⁰.
835 3764 905 3828 quad
930 3764 1038 3815 uidisset
1063 3782 1129 3816 eum
1156 3767 1300 3818 crotalis
1327 3769 1391 3820 sal-

224 3837 259 3888 etl
272 3836 379 3904 Reisig.
396 3831 642 3898 taesprmzevtn.
666 3831 727 3899 ligo
741 3830 785 3881 in·
835 3836 962 3882 tantem
973 3831 1063 3896 filium
1079 3833 1207 3896 petitoris.

225 3904 301 3955 ritus
327 3909 440 3954 secutus
466 3916 528 3951 snm
549 3897 674 3950 codicem
695 3897 784 3951 vesti·
868 3901 894 3948 8.
929 3915 980 3964 quo
1002 3905 1116 3966 tempere
1197 3901 1284 3952 detuit
1303 3901 1393 3953 oinrli-

226 3972 283 4039 ειη,
836 3963 907 4028 aare]
935 3963 977 4014 Gi.
1007 3964 1065 4016 cte.
1092 3984 1119 4033 p.
1146 3967 1206 4018 Mil.
1235 3971 1275 4018 16.
1304 3971 1320 4032 5
1347 3971 1391 4019 ⁴2.

259 4039 320 4106 plur
342 4075 365 4089 ..
388 4039 445 4089 oirti
470 4035 560 4102 pueris
585 4032 787 4101 virginibusque
840 4031 904 4082 Cum
921 4031 1028 4082 honoris
1045 4034 1202 4100 amplissimi
1220 4035 1348 4087 contentia
1368 4045 1393 4088 et

226 4106 434 4176 quinquaginta]
453 4104 543 4169 Quem
565 4099 683 4152 otl'ooelit
704 4101 784 4150 ebla-
835 4098 892 4148 dies
910 4100 1071 4150 comitiorum
1091 4102 1221 4166 suberret,
1249 4121 1311 4169 quo
1333 4105 1393 4170 qei-

226 4175 301 4226 tirus
319 4189 436 4238 sequens
460 4169 652 4221 aaerssatisum
671 4166 785 4229 obiecti,
835 4165 893 4215 deon
910 4172 1057 4232 tempore
1075 4205 1099 4220 ..
1118 4170 1221 4230 amnia,
1246 4187 1298 4221 nae
1315 4172 1392 4222 marla

225 4243 249 4294 is
268 4242 396 4294 conteret
413 4237 472 4290 cte.
491 4237 518 4287 in
537 4240 616 4287 Vere.
639 4235 689 4295 lll,
708 4237 784 4298 ees
835 4249 903 4299 quae
933 4235 1088 4298 reprelenrli
1116 4237 1208 4302 palam
1237 4237 1284 4288 aed
1312 4239 1392 4288 etiass

225 4311 284 4360 att.
304 4311 336 4359 Si
352 4308 460 4359 ostentio
476 4305 583 4356 minus
600 4304 706 4356 tritae
724 4317 783 4353 sse·
834 4315 902 4366 quae
918 4300 1023 4354 obseura
1040 4304 1156 4371 eogitari
1169 4309 1291 4370 passast,
1315 4304 1390 4354 tisse-

225 4377 343 4426 (limais
357 4375 385 4425 in
401 4376 524 4440 iugerum
538 4371 666 4421 nerninem
681 4369 785 4420 desiisse
833 4383 891 4420 mur
910 4371 963 4419 eet.

225 4441 357 4493 decumae.
395 4439 547 4491 Numerum
577 4453 660 4503 qoem
688 4435 784 4502 reeepi
865 4435 1019 4504 pleramque
1035 4435 1209 4502 nobilitatem]
1230 4435 1271 4493 Ci-
1285 4433 1392 4488 Saluet.
