2992 4867
284 102 644 172 sarumatroutm
665 104 743 171 uu.
764 106 836 171 vn.
858 106 950 173 CAP.
972 106 1061 172 xnr.
1189 109 1250 176 621
1324 102 1326 106 ’

85 269 227 353 amodum
256 288 322 335 ease
352 270 522 355 persuasit?
571 272 614 337 Et
640 270 795 337 Disarius:
829 271 878 336 De
903 272 960 338 irae
982 273 1049 358 ipse
1072 276 1285 357 quaestionati

85 354 988 507 itti„2¹¹ittt‘it03tttitttttutaturi?
1009 357 1253 509 tdtdttdt

84 530 190 606 postea
212 524 358 588 consultis
387 543 490 588 verum
520 524 655 607 repperi,
686 544 812 588 narrum
835 526 987 608 quendam
1008 526 1047 589 de
1068 528 1161 591 carde
1181 549 1305 617 ται-μω]

84 614 149 672 tum
178 606 328 691 priorsum
353 626 477 703 pergere
498 628 598 692 usqua
621 609 659 672 ud
679 608 808 691 digitum
835 629 944 673 manus
965 609 1105 675 sinistrae
1126 613 1254 679 minimo

84 692 274 775 proximum,
299 700 331 756 ct
352 690 410 755 diic
431 692 569 757 desinere
593 691 771 775 inplicatam
795 693 902 757 ceteris
923 694 1058 759 eiusdem
1079 695 1163 779 digiti
1184 718 1253 762 ner-

84 776 143 853 uis,
164 784 196 839 ct
217 775 286 839 ideo
308 776 404 842 visum
422 777 574 841 veteribus
595 785 631 840 ut
653 777 702 841 iiie
719 776 830 860 digitus
851 778 944 843 anuo
962 790 1118 863 tamquam
1141 802 1253 847 corona

84 859 334 923 circumdaretur.
374 859 418 923 Et
436 861 556 925 Herus:
576 861 680 937 Adeo,
698 860 729 924 in
753 861 808 937 uit,
825 861 937 938 Disari,
957 883 1062 927 rerum
1082 873 1127 929 eat
1149 865 1192 929 itu
1217 870 1283 934 utu

84 943 159 1008 dicis
178 944 344 1039 Aegyptios
364 943 491 1028 opinari,
511 954 546 1009 ut
566 964 623 1040 ego
646 882 820 1009 sacerdotes
841 966 966 1023 eorum,
989 968 1068 1031 quos
1089 949 1253 1046 prophetas

83 1037 205 1102 vocant,
240 1048 309 1092 cum
336 1050 367 1091 rn
394 1028 507 1113 tempto
529 1027 671 1094 vidrssom
700 1028 780 1095 circe
806 1031 934 1095 deorum
961 1031 1044 1097 huno
1066 1031 1097 1095 in
1125 1036 1252 1117 singulis

83 1113 212 1197 digitum
236 1111 380 1177 centenas
400 1111 547 1177 odoribus
568 1112 694 1186 inlinere
712 1121 743 1177 et
769 1113 836 1178 eius
856 1116 900 1178 rei
921 1136 1029 1181 causas
1047 1116 1251 1200 requisissem,

83 1206 115 1263 et
136 1197 174 1263 de
194 1216 288 1264 neruo
308 1196 391 1283 quod
417 1197 612 1266 iamdictam
636 1204 683 1265 ost
707 1198 844 1288 principe
869 1219 977 1268 eorum
1006 1210 1149 1269 conante
1173 1204 1251 1271 didi·

879 1412 947 1463 Edd.
967 1411 1183 1482 vaccagnpazuq

83 1508 130 1543 cur
150 1490 200 1543 lris
217 1492 363 1553 (amnti)
383 1493 412 1546 d.
515 1492 791 1546 8.deersum1i.-
814 1494 1003 1563 implicatus.
1105 1500 1131 1546 9.
1162 1510 1252 1549 unum

83 1566 152 1619 (arn.
168 1560 335 1626 senisu-g.
352 1589 387 1600 -
406 1563 476 1613 eirea
495 1563 601 1612 deorum
622 1562 721 1613 nnita.
750 1563 821 1612 eirca
840 1564 946 1613 deorum
965 1580 1059 1613 encra
1075 1561 1146 1611 Mil.
1182 1565 1252 1615 circo

83 1629 387 1693 deorumornsAr-g.
424 1630 493 1679 airon
514 1629 943 1680 deorumsimulaenras-lsP.
978 1630 1252 1695 cireaoiaequiusa

83 1696 189 1745 deorum
208 1694 237 1745 S.
254 1722 286 1731 —
305 1696 435 1758 confictis
449 1695 530 1746 n-aP.
549 1722 582 1735 ·-
602 1696 712 1747 illinire
731 1695 857 1746 onusti.
876 1722 907 1735 —
926 1697 1102 1763 inquisissem
1123 1712 1185 1764 v·g.

83 1887 112 1933 et
137 1879 208 1931 Ptin.
237 1877 270 1931 N.
300 1880 334 1931 fl.
366 1880 456 1943 xxii,
483 1884 517 1931 tu
550 1897 572 1932 s.
600 1883 643 1932 34.
692 1881 742 1933 init
767 1882 890 1949 petitum,
921 1890 952 1933 st
981 1881 1044 1933 inde
1068 1882 1252 1963 proplieta-

85 1950 194 1999 Masene
235 1949 325 2013 inpari
358 1964 465 2001 numero
500 1950 643 2013 infricatae
692 1966 762 1999 rura
796 1951 864 2000 ritus
897 1952 978 2001 etiosa
1007 1950 1168 2013 adduceret,
1204 1948 1252 2000 ubi

83 2016 197 2083 digito
231 2015 369 2075 medion,
405 2014 452 2065 ubi
481 2014 643 2067 Haeduinus
692 2015 902 2067 Hildebrsndus
952 2032 1003 2067 nos
1050 2017 1163 2082 delegat
1216 2016 1252 2068 ud

83 2084 171 2133 refert
187 2080 308 2132 Plinium
319 2082 494 2133 Valerianum
510 2082 586 2132 launo
601 2082 643 2133 Ιο-
692 2082 830 2134 Schmidt.
845 2084 880 2133 de
895 2084 1001 2133 sacerd.
1016 2088 1045 2132 et
1060 2082 1159 2134 artorii.
1175 2083 1252 2134 door.

82 2166 145 2201 tum
169 2154 363 2214 excerpentem
383 2148 533 2213 scripsisse
555 2150 642 2216 digito
715 2190 718 2197 .
740 2154 797 2200 101.
813 2157 843 2200 et
860 2150 894 2199 ad
910 2149 989 2215 Diog.
1002 2148 1095 2200 taen.
1107 2149 1158 2209 111,
1169 2154 1251 2209 ow).

81 2216 197 2268 minimo.
261 2214 405 2266 Macrobius
450 2216 643 2281 suffragantur
694 2167 745 2276 {a
771 2215 942 2281 Αἴγυπτον
967 2208 1093 2279 (ἀπῆλθε
1120 2210 1251 2276 Πλάτων)

82 2282 200 2346 Graeci,
232 2282 375 2346 equibus
403 2283 453 2333 aiii
485 2290 643 2335 statuerunt
691 2279 769 2348 aspir
789 2277 1060 2361 sorienpoqrqsac.
1088 2281 1253 2335 Addeilrid.

82 2345 180 2416 ἰατρὸν
198 2365 260 2400 esse
279 2348 398 2415 digitum
418 2348 550 2401 medinm·
581 2350 641 2401 Vid.
694 2364 816 2413 prooem.
853 2351 875 2399 Ι.
908 2346 1085 2412 Αἰγυπττοι
1114 2343 1165 2411 pia
1198 2344 1252 2413 peip

82 2418 149 2469 Bed.
174 2418 192 2468 Ι.
215 2432 239 2466 c.
263 2418 297 2468 od
320 2418 337 2480 5
361 2421 400 2466 to.
428 2425 456 2467 et
487 2418 521 2467 tt.
543 2416 642 2481 Staph.
693 2421 807 2481 (φασιν)
850 2412 954 2464 Neitoo
994 2409 1124 2479 pasiadras
1162 2414 1253 2465 auidos

82 2484 171 2535 Thes.
190 2483 240 2533 Gr.
261 2483 279 2533 Ι.
296 2500 318 2534 s.
339 2499 364 2533 v.
380 2477 523 2546 δάκτυλος,
540 2483 588 2533 ubi
602 2484 642 2535 ci·
685 2474 855 2563 Ἢραιστοτ,
875 2472 1122 2545 &dipensatione
1175 2470 1254 2546 ς,ἦς

82 2558 159 2603 mser
180 2550 257 2601 dies.
277 2548 367 2601 Traii.
396 2555 439 2613 tr,
462 2566 488 2615 p.
515 2553 569 2601 199.
596 2548 643 2619 Τῷ
694 2563 762 2607 rous
789 2545 964 2611 προεστῶτας
991 2542 1081 2612 ἱερέας
1108 2562 1179 2597 suaa
1205 2544 1253 2597 noel

81 2612 329 2686 einlzespsnarqui
347 2615 503 2686 ἰατρικῷ.
536 2628 538 2631 ·
694 2608 889 2680 προφήτας,
921 2616 950 2663 'et
980 2611 1116 2663 Philostr.
1146 2613 1198 2663 liis.
1228 2614 1252 2664 1.

114 2688 140 2735 a.
176 2687 209 2733 de
235 2698 285 2747 qua
312 2683 465 2733 dubitatura
490 2683 554 2749 oet]
582 2682 643 2735 vin.
694 2678 786 2744 Apoll.
812 2697 836 2730 o.
861 2682 897 2730 1.=
929 2672 1046 2730 maistas
1065 2677 1188 2760 fullone
1215 2678 1254 2739 ele

83 2751 212 2819 prolegg.
233 2766 258 2813 ρ.
278 2764 373 2800 assau-
392 2758 461 2800 eutr.
693 2744 871 2811 Arpocran
907 2742 956 2796 aul
989 2746 1077 2795 cotto
1108 2745 1165 2795 sein
1199 2740 1255 2795 isai

115 2818 188 2868 tibris
207 2817 413 2867 santonicorum
428 2816 642 2881 posteoeonsul·
693 2826 713 2861 π
743 2810 877 2877 conada
901 2826 930 2862 τε
952 2810 1000 2862 sal
1023 2806 1118 2877 tantm
1138 2806 1253 2877 ἐγκατα-

80 2884 125 2950 tis]
141 2883 254 2935 Gellius
271 2883 292 2933 Ι.
307 2900 344 2933 e.=
363 2884 476 2934 Causam
495 2899 550 2934 esse
564 2883 643 2934 luins
691 2828 774 2942 μίξας
790 2880 848 2937 τοῖς
864 2872 966 2929 ἑαυτοῦ
982 2874 1081 2942 λόγοις.

79 2954 122 3004 rei
140 2952 246 3016 Apion
268 2951 302 3001 ia
328 2951 428 3001 tiaris
451 2951 641 3017 Aegyptia·
726 2942 808 3009 circa]
838 2960 888 3010 pro
913 2946 1048 2995 adverbio
1071 2950 1116 2996 est
1145 2941 1252 2995 huben-

80 3021 128 3071 eis
146 3018 304 3069 lranedicit.
692 3010 774 3073 duan,
801 3018 832 3061 ut
855 3010 997 3078 significet
1019 3011 1092 3061 idem
1113 3012 1186 3076 qood
1204 3005 1253 3062 usi·

109 3080 642 3153 priorsumli'id.proiegg.p.ar.av.med.
691 3076 760 3145 slqr,
784 3079 916 3193 ringus·-
951 3078 995 3128 Gi.
1018 3094 1042 3128 o.
1062 3080 1108 3141 14,
1128 3080 1145 3140 S
1165 3081 1206 3127 16.
1223 3084 1252 3127 et

114 3153 200 3203 uisum
216 3149 411 3216 ooteridus10i.
425 3148 498 3199 Piia.
512 3147 641 3211 xxxin,
693 3141 754 3194 laia.
773 3144 822 3193 rtis
852 3145 877 3205 Ι,
895 3148 945 3206 88,
961 3148 984 3193 1.
1006 3144 1144 3195 Eudousia
1162 3145 1253 3193 eires

81 3223 106 3269 1.
125 3236 148 3270 s.
165 3221 191 3267 6.
209 3220 225 3280 S
240 3220 284 3267 ut.
307 3218 430 3283 Singulis
444 3217 548 3283 primo
565 3215 641 3281 eligi·
692 3212 764 3261 omni
779 3226 857 3278 agro,
874 3218 904 3259 et
917 3209 1025 3260 Tibali.
1042 3208 1066 3269 1,
1078 3212 1159 3287 ⁵⁹.¹⁰·
1176 3209 1251 3274 ipse-

79 3288 116 3339 tis
138 3284 268 3347 (anulos)
295 3285 355 3349 geri
380 3300 435 3334 esea
456 3285 566 3344 suerat,
596 3280 643 3345 qui
692 3292 742 3341 quo
772 3284 812 3326 ter
846 3278 969 3327 eirena
1002 3276 1115 3325 lustrans
1148 3274 1252 3335 uisura

79 3348 478 3469 tremutantia:
493 3347 643 3461 ‘titud
690 3340 1020 3457 tttcritttt‘dtt
1041 3346 1253 3455 tremiti

85 3484 179 3533 Postea
193 3479 285 3546 pollini
300 3480 419 3544 prasiana
438 3478 547 3528 induere
561 3478 640 3527 ctione
692 3474 874 3537 potaverant,
898 3482 930 3523 ut
950 3473 1055 3523 iactum
1077 3480 1122 3523 est
1144 3470 1251 3523 comos.

80 3549 188 3600 deorum
203 3546 361 3606 simulacris,
382 3545 443 3595 dein
460 3545 529 3594 iuuit
545 3552 570 3595 et
588 3543 640 3593 sai·
692 3538 729 3602 ΙΙ,
745 3542 777 3600 t,
790 3543 816 3588 5.
833 3541 869 3591 ol)
886 3539 922 3590 iis
939 3540 987 3605 qni
1004 3538 1168 3605 ignorarent
1184 3538 1250 3603 qnid

80 3616 152 3667 nimo
168 3614 241 3662 dare.
691 3612 768 3657 esset
785 3613 888 3657 lantum
905 3624 967 3658 non.

114 3685 140 3731 9.
166 3679 217 3746 ita]
236 3676 357 3743 pertinet
371 3676 406 3726 ud
422 3674 535 3743 opinari.
558 3674 639 3725 Haud
725 3673 833 3723 deorum
849 3674 918 3724 lunc
937 3674 964 3724 in
986 3671 1102 3740 singulis
1121 3668 1249 3739 digitum]

80 3755 158 3801 reete
179 3762 249 3811 ergo
271 3742 418 3795 commutis
439 3742 526 3809 volgo
550 3740 641 3793 inolu-
689 3734 761 3789 Coos
790 3740 932 3806 complura
962 3739 991 3790 in
1023 3739 1128 3804 templo
1156 3742 1253 3788 essent

80 3817 184 3867 dantur
202 3812 288 3865 serbe
305 3811 345 3861 ita
364 3818 393 3861 ut
411 3810 487 3861 dicis.
689 3805 806 3855 deorum
830 3806 991 3858 simulacro.
1029 3806 1123 3856 Horas
1149 3805 1192 3856 ait
1220 3818 1252 3854 se

114 3881 383 3939 meminissemus,
412 3892 475 3941 quos
497 3874 640 3991 prophetas
689 3870 797 3924 vidisse
813 3874 974 3925 sacerdotes
991 3872 1167 3939 singularum
1192 3877 1251 3921 sta·

78 3947 185 4013 nocant]
214 3945 257 3995 (ll.
281 3943 364 4010 Apul.
387 3943 503 3994 Metam.
529 3940 540 3991 Ι
562 3976 570 4001 ,
596 3942 640 3991 20.
690 3944 801 3990 luuram
833 3939 977 4005 singulum
1016 3940 1092 3990 iruee
1127 3937 1250 4002 digitum

83 4015 198 4067 Zntlslas
224 4012 299 4063 aaut
329 4010 535 4089 Aegyptius,
566 4022 639 4073 pro·
690 4006 823 4056 odoribus
846 4006 1000 4057 illinentes.
1035 4005 1116 4071 Quod
1137 4002 1250 4069 quidem

77 4083 179 4151 pieta
200 4078 357 4145 primarius,
387 4093 432 4141 qur
450 4090 549 4125 saeorum
569 4074 639 4123 ioan
690 4072 736 4123 iris
765 4072 858 4124 serbis
883 4088 981 4138 parurn
1012 4069 1156 4124 commode
1186 4083 1250 4121 esse

80 4150 181 4200 dudum
195 4144 296 4213 grandi
309 4144 427 4209 proemio
440 4142 544 4209 pepigit
556 4139 640 4191 redu·
690 4139 904 4204 pronunciatum
923 4140 998 4190 haud
1017 4138 1187 4205 negaverim.

79 4231 138 4266 cere
164 4212 301 4278 paulisper
328 4210 361 4261 oi
388 4210 482 4272 inferis
508 4208 639 4274 spiritum,
723 4208 849 4269 nonsatis
865 4206 999 4271 adoritur]
1017 4204 1060 4255 ct.
1078 4204 1151 4255 Plio.
1166 4201 1199 4254 N.
1212 4200 1249 4251 tt.

79 4294 224 4347 corpusque
256 4276 328 4329 istud
357 4275 519 4342 postliminio
549 4274 642 4325 mortis
690 4270 819 4334 xxxiv,
839 4276 886 4336 rt,
903 4291 926 4325 s.
944 4275 1025 4337 25,§
1045 4276 1102 4323 108.
1128 4272 1160 4321 ln
1186 4276 1249 4320 toss-

80 4348 213 4409 naissnre,
230 4348 258 4397 ct
274 4345 309 4395 de
328 4342 422 4409 dogm¹
440 4340 550 4393 Piston.
568 4339 595 4401 1,
614 4342 640 4391 ⁸.
688 4344 744 4389 tuas
763 4355 781 4389 a
798 4340 1019 4405 conficiendis
1033 4336 1250 4391 eadiwnisilus

80 4413 263 4483 Astrologisrn
302 4409 422 4477 adusque
457 4410 639 4476 Aegyptum
689 4406 797 4458 aenne.
