2992 4867
335 80 695 150 suruultatlonuu
718 84 797 147 Lm.
819 86 890 150 Vll.
916 83 1008 147 CAP.
1032 85 1067 146 V.
1221 88 1285 155 583

116 248 290 314 Videtnrne
311 248 396 311 vobis
419 247 558 313 ciborum
580 248 637 313 ista
658 248 844 332 simplicitas,
863 248 918 313 ubi
938 255 986 313 tot
1000 260 1218 316 enumeranmr
1239 255 1284 319 rel

114 333 240 399 arbusta
257 332 303 397 rel
321 331 447 396 frutices
462 352 525 397 non
543 333 644 398 minus
664 353 739 397 suco
757 332 876 397 diversa
892 351 984 415 quem
1001 334 1145 397 nomine?
1188 336 1283 413 Quod
1295 338 1336 407 ro

115 426 218 485 autem
246 437 309 481 non
335 415 453 480 facilius
480 417 594 481 morbis
628 416 769 481 homines
793 435 885 499 quam
918 416 1052 499 pecudes
1083 427 1283 501 occupentur,

115 503 251 566 Homero
275 508 353 565 teste
374 509 538 565 contentus
559 522 641 577 suni,
671 501 724 585 qui
744 499 943 585 pestilentiam
963 500 1055 567 resen
1075 522 1093 565 a
1113 495 1283 599 pecudibus

115 586 304 651 inchoatam:
326 585 450 670 quando
468 586 602 663 morbus,
621 594 787 671 antequam
810 584 840 649 iu
855 584 995 650 homines
1014 595 1117 670 posset
1136 608 1283 671 inrepere,-

113 670 230 735 locilius
252 670 348 753 captis
371 671 532 767 pecoribus
559 671 704 735 incubuit
749 669 809 735 Sed
833 676 865 733 et
893 678 1008 754 quanta
1031 671 1072 735 sit
1098 671 1192 737 mutis
1215 673 1279 737 eni-
1293 678 1327 743 ΙΙ

114 754 243 819 realibus
268 754 428 819 infirmatas
455 755 534 820 vitoe
556 755 688 821 brevitas
709 753 823 819 iudicio
845 762 900 817 cst
943 756 1038 833 Quod
1065 755 1147 819 enirn
1172 769 1280 821 eorum

113 840 226 923 quibus
252 839 361 904 notitia
387 839 476 905 nobis
506 840 536 903 in
558 860 618 904 usu
645 848 693 904 est
719 846 822 923 potest
847 859 945 903 annos
969 838 1101 903 bominis
1126 844 1281 924 aequaret

113 924 171 987 nisi
195 944 333 988 recurras
354 922 432 987 forte
453 924 490 987 ad
511 944 564 1001 oa,
596 944 677 1009 quae
701 923 739 987 do
764 923 863 987 corvis
881 931 975 1007 atque
999 921 1171 989 cornicibus
1193 924 1279 990 labu-

114 1008 178 1073 losa
202 1008 361 1085 dicuntur,
392 1027 471 1092 quos
493 1014 595 1073 tameo
619 1008 758 1073 videmus
776 1006 920 1073 omnibus
945 1006 1061 1073 inhiare
1080 1008 1279 1075 cadaveribus

113 1091 323 1175 universisque
346 1092 514 1157 seminibus
532 1091 682 1168 insidiari,
709 1092 828 1157 [ructus
849 1092 993 1157 arborum
1016 1093 1176 1177 persequi:
1208 1112 1280 1161 nam

113 1196 176 1241 non
199 1175 300 1240 minus
326 1176 484 1241 edacitatis
507 1176 620 1242 babent
641 1197 732 1261 quam
754 1176 793 1239 do
814 1175 1016 1258 longaevitate
1039 1197 1147 1243 eorum
1174 1178 1280 1261 opinio

113 1258 275 1325 fabuletur.
317 1260 504 1337 Secundum,
523 1260 548 1325 si
572 1261 649 1325 bene
670 1260 823 1336 recordor,
841 1260 1012 1344 exemplum
1033 1271 1080 1327 est
1097 1262 1198 1327 solere
1215 1282 1278 1327 me·
1292 1267 1330 1330 12

113 1345 198 1410 dicos
215 1342 314 1427 aegris
331 1343 499 1428 simplicem
522 1344 624 1409 eibum
646 1346 770 1421 offerre,
803 1364 866 1408 non
884 1344 1016 1411 varium:
1043 1366 1113 1411 enm
1131 1344 1213 1411 bunc
1233 1348 1278 1412 ol·

112 1428 230 1505 ieratis,
256 1434 292 1492 ut
309 1428 435 1512 opinor,
457 1450 519 1493 nou
540 1430 627 1514 quasi
650 1428 771 1512 digestu
790 1426 976 1505 faciliorem,
994 1429 1047 1493 sed
1068 1430 1156 1515 quasi
1178 1431 1280 1496 minus

112 1512 332 1598 adpetendum,
362 1521 397 1578 ut
426 1513 554 1577 horrore
582 1512 743 1578 nnilormis
777 1512 938 1577 alimoniae
960 1513 1069 1577 ederam
1094 1513 1278 1595 desidorium

111 1600 327 1682 languesceret,
349 1596 437 1681 quasi
458 1598 562 1663 multis
582 1596 813 1681 concoquendis
830 1617 884 1681 per
904 1597 1110 1663 infirmitatem
1132 1618 1196 1663 non
1216 1599 1278 1663 sul·

111 1682 234 1748 liciente
254 1689 371 1747 nabua.
415 1682 505 1761 ldeo,
535 1682 562 1747 si
584 1683 654 1768 quis
674 1680 914 1767 aegrescentium
936 1683 981 1749 rel
1002 1682 1042 1747 de
1061 1682 1130 1767 ipso
1150 1683 1278 1768 simplici

909 1867 979 1917 bos.
998 1864 1212 1935 vtcabgopsstq

111 1950 180 2003 uta.
209 1976 241 1989 ··-
267 1950 340 2001 nobis
363 1966 416 2001 usn.
435 1950 487 2000 111.
516 1974 547 1987 ·-
576 1948 753 1999 diuersuom.
772 1950 823 1999 ll&
931 1954 969 2001 tt).
997 1946 1122 2016 Homero]
1142 1952 1174 2001 ll.
1188 1946 1216 2011 oi,
1234 1954 1278 2003 oo.

114 2047 140 2057 -
157 2019 279 2084 insipere
293 2017 323 2067 1’.
431 2019 470 2067 ll.
493 2016 590 2075 multia
605 2016 896 2069 anausim-zellia.
913 2016 1129 2083 „dispersimus
1142 2018 1279 2084 Stapbasni

110 2091 138 2137 et
157 2100 240 2149 quem
259 2082 417 2135 invenimus
435 2082 569 2149 scripturn
589 2083 747 2135 lectionem,
783 2083 842 2135 Non
861 2084 976 2151 ambigo
994 2090 1099 2147 tamen,
1127 2084 1193 2149 quin
1212 2100 1279 2135 ess·

111 2154 216 2203 reverit
233 2149 392 2201 blucroblus
410 2152 496 2202 mulis
513 2150 687 2201 decimalibus.-
706 2150 843 2215 quomodo
860 2149 945 2202 etium
968 2150 1106 2201 editiones
1125 2152 1278 2202 vstustac.“

110 2220 191 2269 Pont.
227 2216 364 2283 „corrige
380 2221 532 2282 praeeunte
549 2217 592 2281 qd.
611 2224 664 2267 ret.
680 2219 788 2268 mutia.“
806 2216 890 2268 Zeira.
909 2246 939 2255 -
962 2218 999 2267 dc
1017 2219 1111 2283 quibas
1127 2219 1180 2268 lta.
1198 2244 1233 2256 -
1249 2219 1278 2269 iss

109 2304 160 2340 css
175 2292 245 2345 (on.
264 2286 316 2348 est)
335 2284 365 2333 Ρ.
391 2310 423 2321 -
450 2300 528 2350 quasa
547 2285 621 2350 long.
638 2291 707 2344 (om.
723 2286 771 2347 ds)
788 2285 840 2335 llt.
944 2288 984 2334 lb.
1014 2285 1173 2349 Semelam]
1189 2284 1233 2335 ct.
1251 2302 1276 2335 e.

111 2357 136 2415 4,
153 2356 169 2416 5
185 2356 210 2403 6.
238 2352 312 2403 l'lut.
327 2350 346 2400 Ι.
363 2367 387 2401 c.
405 2379 435 2388 -
460 2352 554 2403 solent
572 2353 672 2402 medici
689 2350 717 2401 S.
734 2378 768 2390 -
783 2368 845 2419 pro
863 2353 1024 2417 infimitate
1040 2369 1064 2401 v.
1086 2378 1113 2387 -
1135 2351 1295 2403 subductis

109 2520 260 2593 γεννωμένη
287 2519 317 2575 ἐν
342 2521 504 2589 λεπτογείοις
532 2522 579 2575 sol
604 2539 669 2589 cpe·
719 2542 777 2575 oum
807 2525 945 2589 capiatur,
972 2528 1001 2573 et
1030 2522 1102 2589 apud
1132 2523 1279 2585 Senecam,

109 2588 167 2660 χὲσι
188 2584 296 2650 τόποις.
322 2584 405 2653 ὁμοία
424 2585 522 2671 θύμῳ,
548 2584 669 2640 ἐλάσσων
719 2590 848 2656 quamvis
865 2608 949 2657 saepe
971 2591 1000 2641 iu
1024 2608 1069 2656 ep.
1087 2593 1143 2641 las.
1165 2590 1278 2657 legetur

108 2656 201 2725 μέντοι
217 2656 265 2709 καὶ
280 2652 452 2723 ἁπαλωτέρα,
465 2669 590 2723 ‹prpouoe
605 2650 668 2707 osci-
719 2667 794 2709 masta
810 2658 949 2719 animalia,
969 2664 1061 2709 tamen
1078 2660 1095 2721 5
1108 2660 1150 2707 21.
1169 2656 1197 2707 in
1216 2658 1277 2707 cod.
1337 2646 1347 2666 ⁸

109 2743 159 2793 zos
176 2718 294 2784 ἄνθους·
306 2720 406 2788 μεστὸν
430 2718 571 2789 ἔγχλωρον.
605 2722 666 2775 Sal·
720 2725 819 2775 Barnb.
837 2730 881 2777 est
902 2725 1033 2775 mendum
1055 2742 1074 2775 o
1088 2725 1195 2775 -srasltia
1215 2724 1277 2775 nai·

110 2810 179 2844 rarus.
198 2793 362 2843 ds'bmnou.
382 2807 405 2840 e.
423 2793 458 2839 38
473 2798 547 2845 extr.
719 2793 847 2852 nantibus,
875 2799 903 2841 et
920 2794 936 2853 §
955 2796 997 2842 22.
1018 2790 1091 2841 idem
1111 2790 1138 2842 in
1158 2807 1212 2842 nrro
1230 2806 1277 2841 ce·

145 2864 185 2911 lo.
220 2854 382 2922 inclinatam]
409 2857 468 2905 lloe
488 2854 666 2923 perticipium
718 2858 781 2910 dice
800 2857 932 2908 Vaticano
949 2865 977 2909 ct
993 2858 1022 2909 in
1040 2857 1251 2923 Rebdiqernno.

109 2926 182 2977 silius
205 2923 232 2975 ei
255 2926 327 2977 solet
350 2922 453 2989 opponi
471 2924 543 2989 quod
563 2924 670 2990 perlec—
755 2942 823 2991 qune
849 2925 881 2975 de
910 2926 996 2975 cornis
1019 2933 1100 2989 atque
1133 2924 1278 2976 cornicibus

111 3000 169 3045 turn
187 2990 233 3041 sit.
716 2992 845 3055 sabulosa
865 2992 999 3055 dicuntur]
1029 2992 1199 3043 Plutarchus
1218 2990 1236 3041 i.
1255 3008 1279 3043 c.

140 3058 253 3123 facilius
274 3058 371 3124 ceptis]
398 3058 416 3107 i.
435 3074 460 3107 e.
483 3072 555 3120 quae
572 3056 669 3107 morbo
721 3059 807 3109 bubet
824 3064 929 3109 tanturn
951 3053 1028 3122 Πλὴν
1050 3058 1076 3109 εἰ
1089 3058 1159 3122 φαίη
1176 3075 1217 3116 τις
1234 3055 1279 3107 κό-

111 3124 230 3176 lucilius
243 3124 437 3185 allicerentur,
457 3124 517 3185 vel,
536 3131 567 3174 ut
584 3139 670 3189 supra
719 3142 794 3190 panes
811 3120 1007 3189 scinopeivqs.
1039 3123 1223 3175 01.Ρ11ιι.Ν,
1242 3124 1278 3173 11.

110 3192 223 3257 dieitur,
238 3191 623 3255 oearrrpnrenturPlutarchus
643 3207 670 3256 p.
722 3192 781 3255 1111,
798 3194 840 3241 ts.
854 3186 878 3241 s'.
897 3194 940 3256 ⁴⁹2
960 3189 1129 3241 Hesiodus..
1146 3190 1278 3254 fabulose,

107 3264 168 3311 662
185 3258 231 3310 Fa
252 3255 419 3324 Tallemand
436 3254 517 3321 πάθη
533 3256 670 3321 πρῶτον
720 3265 748 3308 ut
769 3273 835 3320 reor,
851 3258 936 3307 multe
954 3257 988 3305 dc
1002 3256 1135 3305 bomissima
1153 3271 1218 3305 neno
1234 3270 1277 3306 re·

109 3318 285 3377 ducendos
309 3326 364 3377 cciv
388 3319 496 3389 ἀλόγων
514 3318 669 3387 ἁποφαινό-
714 3326 821 3388 ferens,
849 3322 978 3372 cornici
1001 3338 1090 3371 senem
1108 3328 1213 3371 nostros
1233 3330 1277 3373 et·

108 3408 203 3457 penne·
719 3390 811 3441 tritstt
826 3396 937 3449 aetates,
951 3388 1130 3453 quadruplum
1148 3388 1205 3439 sies
1220 3404 1277 3439 cer-

142 3457 280 3523 pscon'baa
297 3454 424 3519 irrsubrsit]
450 3453 543 3507 Novus
562 3456 606 3505 est
621 3452 669 3505 liic
719 3456 774 3515 eta,
801 3455 831 3504 id
859 3454 1023 3519 triplicatam
1048 3454 1169 3504 corsis.
1204 3456 1278 3506 llar-

111 3525 197 3573 lmins
214 3521 292 3572 verbi
309 3536 387 3571 usna.
719 3522 823 3572 aluiuas
839 3520 996 3570 adnotavit:
1020 3519 1071 3581 „ln
1088 3536 1172 3586 opere
1190 3538 1224 3572 ex
1242 3520 1279 3572 iis

147 3592 186 3639 ll.
218 3589 298 3638 nantis
322 3586 493 3651 animaliter]
522 3588 668 3649 „Genera-
719 3589 816 3652 aliquo
831 3604 904 3651 quae
921 3586 1150 3638 interciderent.⁸⁴

110 3658 160 3707 tim
179 3660 255 3719 uqtot
273 3652 301 3703 in
321 3650 492 3703 oniannlibus
515 3654 606 3704 brutis
628 3654 670 3705 ri·
720 3688 723 3695 .
754 3670 836 3721 qum
853 3655 887 3704 de
903 3654 1086 3722 tongssnitnts
1107 3671 1196 3705 sorsin
1218 3658 1278 3723 opi·

110 3732 157 3776 tae
197 3720 380 3782 brevitatem,
421 3720 569 3785 specintlm
605 3736 670 3769 rere
720 3724 766 3773 sis
786 3721 942 3785 fabulatur]
978 3722 1056 3772 llaec
1084 3734 1183 3786 parum
1213 3739 1280 3773 son—

109 3790 183 3857 quod
199 3789 234 3839 dc
251 3788 343 3837 corvis
361 3791 389 3837 et
407 3786 567 3838 cornicibus
583 3786 671 3838 oblini
721 3796 827 3852 gruunt
852 3806 915 3839 casn
944 3787 981 3838 iis
1005 3802 1078 3853 qnae
1102 3790 1279 3840 antecedunt

111 3856 201 3924 possit
230 3852 326 3905 obviat
360 3852 407 3903 bis
439 3856 535 3905 stetim
564 3854 670 3905 verbis:
722 3856 876 3906 llicsadum
893 3862 968 3905 erata
994 3870 1072 3920 qun·
1088 3856 1280 3918 longaevitatis

114 3926 174 3976 Nisi
191 3937 310 3972 recurras
328 3924 401 3971 cst.“
426 3922 511 3972 l'onr.
534 3946 567 3959 -
593 3921 669 3985 (11.5
721 3928 769 3981 (ut
795 3920 967 3973 retineamus
990 3922 1045 3971 boc
1070 3914 1146 3985 ἅπαξ
1174 3918 1280 4003 tepdps-

111 3998 137 4042 7.
168 3990 227 4041 Non
247 4004 291 4039 rue
310 3991 403 4039 moret
419 3987 491 4053 quod
516 3988 544 4038 ia
570 3988 671 4054 pleris—
720 3994 802 4051 sos),
821 3990 846 4039 si
860 3990 1109 4052 udtmssfntslss
1124 3989 1170 4039 rsl
1185 3987 1280 4041 samiis

109 4075 165 4125 que
182 4055 500 4121 coddlegitursaultis.
537 4053 670 4105 Namnet
721 4055 798 4121 quid.
935 4095 939 4101 .

2 4170 3 4181 ,
110 4127 139 4177 in
167 4123 273 4189 optimo
301 4121 386 4173 Plinii
415 4122 511 4174 ecdico
538 4120 672 4174 Bombos·
759 4125 799 4173 19.
842 4140 901 4173 cum
936 4120 1067 4237 qp'eratia]
1086 4119 1282 4186 -lntsiligendi

2 4202 4 4225 ³
111 4190 193 4257 gensi
227 4191 256 4241 lu
289 4188 442 4241 summarie
474 4188 541 4240 libri
572 4187 617 4239 N..
638 4190 672 4241 ll.
723 4188 918 4243 suntmedici.
965 4187 1282 4239 titursutemsecanda

2 4236 3 4261 ³
112 4256 228 4311 llllllll.
263 4257 382 4323 legiturz
421 4256 470 4307 vta·
501 4274 554 4307 non
587 4257 674 4307 matti
724 4271 844 4319 persona
861 4254 1116 4320 beuuarriam-ta
1135 4256 1283 4321 respondet

111 4324 325 4391 (simplam),
348 4339 420 4389 qaae
436 4330 529 4375 umen
547 4323 675 4374 astaron·
725 4322 837 4374 lllscrio
854 4321 973 4374 medico.
1247 4384 1250 4388 ¹

114 4400 161 4447 tur
182 4393 218 4445 sal
243 4407 266 4444 s.
289 4396 316 4444 9.
340 4392 439 4445 rerba:
462 4392 593 4459 grassim
615 4406 674 4443 susi
758 4391 836 4457 qussi
863 4428 887 4444 ..
916 4406 972 4442 sos
997 4388 1145 4455 sufficiente
1171 4388 1281 4455 nure]
