2992 4867
286 142 647 211 sarumnnronun
672 143 750 210 nm.
772 145 830 211 111.
863 146 953 214 cns.
976 99 1098 216 11.11l.
1209 152 1273 220 suo

104 332 159 400 pro
177 311 318 397 frugibus
336 313 401 378 lieri
422 333 507 378 saera
528 313 688 391 dicuntur,
709 315 782 399 quia
804 313 941 400 frugibus
960 317 1022 383 vita
1042 317 1176 386 humane
1199 322 1275 388 tole-

104 407 197 464 retur.
240 398 328 463 Unde
348 398 408 463 hoe
429 420 496 464 esse
514 399 804 466 animadvertimus?
840 401 934 480 Quod
955 403 998 466 ait
1019 403 1178 489 Virgilius:

234 484 308 549 Cum
325 485 437 581 [umam
458 486 582 551 situlam
599 506 661 572 pra
679 487 836 572 fugitas,
857 490 922 572 epse
940 489 1047 564 venito,

103 574 140 634 ut
156 569 282 634 adulam
302 569 412 634 dixerit
430 589 486 654 pro
509 570 700 648 titulatione,
731 569 815 656 quod
841 592 952 635 nomen
976 592 1043 638 esse
1069 573 1207 639 sacrificii
1234 578 1273 640 ob

103 654 249 718 laetitiam
269 653 340 719 faeti
360 653 499 738 superius
516 655 742 741 expressimus?
791 655 1021 723 Meminerimus
1044 665 1147 724 umen
1170 659 1213 723 sie
1231 659 1273 724 le·
1286 664 1324 727 lb

104 738 236 824 gendum
256 760 311 825 per
330 739 511 806 ablativum:

234 826 306 891 Cum
322 827 435 912 fariam
455 826 550 892 vitula
609 825 794 910 asrugt‘dus,

104 911 216 977 idest:
245 931 315 975 eum
335 909 442 974 faeiem
462 930 526 976 rem
571 911 682 976 minam
700 931 763 974 non
787 931 859 988 ove,
886 930 948 975 non
969 931 1073 996 cupra,
1097 913 1150 978 sed
1170 914 1273 992 vitula,

103 1007 261 1082 tamquam
287 994 382 1060 dieat:
405 1016 475 1061 eum
496 995 621 1063 vitulam
643 1016 701 1082 pro
718 994 858 1080 frugibus
876 995 1092 1076 sacrificarem,
1155 1000 1273 1066 adest:

104 1103 174 1149 cum
201 1080 383 1146 titularem
410 1081 541 1146 divinam
562 1080 671 1146 fecero.
720 1079 901 1146 Pontificem
926 1086 1062 1146 Aeneam
1088 1104 1125 1148 ve
1159 1105 1196 1150 ex
1218 1107 1272 1150 no·
1285 1089 1324 1154 l'l

103 1167 186 1234 mino
216 1165 444 1235 referendorum
478 1166 617 1232 laborum
654 1165 721 1230 eius
754 1166 895 1231 ostendit
955 1167 1156 1234 Pontificibus
1191 1170 1271 1234 enim

102 1252 248 1340 permissa
270 1259 317 1316 est
336 1259 472 1336 potestas
494 1251 672 1317 memoriam
700 1271 802 1317 renim
825 1259 977 1335 gestarum
1000 1253 1031 1315 in
1058 1254 1174 1319 tabulas
1198 1277 1271 1320 eon·
1289 1276 1324 1346 [η

102 1336 234 1415 ferendi,
252 1344 283 1402 et
301 1335 358 1401 bos
377 1337 501 1402 annales
522 1357 561 1422 ap
601 1337 676 1402 llant
697 1337 840 1423 equidem
862 1335 1171 1423 maximos,q1msia
1195 1361 1271 1428 pon·

102 1423 236 1491 tifieibus
256 1422 394 1486 maximis
412 1421 517 1486 factos.
586 1421 645 1486 nde
667 1441 705 1486 er
724 1442 854 1506 persona
869 1426 992 1486 Aeneae
1012 1421 1068 1488 ait:

222 1508 263 1573 m
280 1519 363 1573 vacet
383 1508 507 1573 annales
526 1519 678 1572 tantarum
697 1507 807 1572 audere
827 1507 971 1572 &darm

185 1594 243 1659 lll.
288 1592 331 1657 Et
347 1593 418 1679 quia
438 1592 518 1656 inter
536 1591 656 1657 decreta
675 1591 855 1678 pontificum
877 1591 935 1657 hoe
956 1592 1086 1658 maxime
1107 1592 1299 1676 quaeritur,f

101 1679 176 1767 quid
202 1699 335 1757 mauro,
369 1677 457 1764 [quid
478 1679 673 1765 profanum]
711 1676 959 1762 quidusdam,
995 1677 1069 1763 quid
1091 1678 1272 1764 religiosum,

898 1873 970 1925 lidd.
988 1872 1204 1942 rfealrgspdsbd

102 1958 140 2025 (B
159 1974 176 2009 s
194 1974 221 2025 p.
240 1957 290 2024 m.)
308 1957 342 2010 G.
385 1958 474 2010 situla
496 1973 545 2025 pra
564 1955 602 2015 (tt
619 1973 701 2009 eraso
721 1963 761 2019 ns]
780 1957 850 2010 Edd.
867 1957 941 2010 APS.
986 1959 1103 2011 uitulum
1129 1957 1275 2011 luvenalis

101 2033 226 2079 veterem
244 2025 424 2092 interpretem
434 2026 492 2077 Set.
503 2025 551 2077 ltt.
561 2023 596 2090 [r.
607 2027 675 2094 m]
691 2025 781 2078 altare
796 2025 1000 2079 monotllfeurs.
1011 2053 1044 2066 -
1053 2026 1165 2078 uitulum
1176 2027 1274 2081 dixerit

101 2093 131 2146 S.
164 2094 256 2145 situla
271 2095 326 2146 dir.
342 2092 577 2145 uuu.suut³.-
596 2110 626 2144 sss
646 2094 727 2160 erius]
745 2093 788 2146 Gi.
806 2095 822 2157 S
843 2096 883 2146 14.
987 2099 1027 2146 Π.
1056 2094 1272 2150 Pontificem

101 2162 216 2215 ostendit
234 2177 288 2213 oua.
309 2160 340 2212 Ρ.
360 2189 394 2200 -
417 2163 530 2212 Aenean
544 2157 625 2212 ltu-n
653 2164 674 2213 Ι.
697 2187 729 2198 -
759 2177 790 2210 ex
811 2160 929 2212 nomine
944 2163 1019 2228 (sup.
1042 2177 1074 2213 aa
1096 2163 1218 2220 ordine)
1237 2161 1272 2213 (t.

101 2257 137 2269 —
163 2229 191 2279 is
212 2229 308 2280 tabula
328 2231 370 2277 sl.
389 2255 421 2266 -
440 2228 563 2295 magnis
579 2229 654 2292 (sup.
674 2227 830 2288 maximis)
849 2227 883 2277 G.
907 2252 939 2265 -
970 2228 1014 2293 Et]
1033 2228 1099 2278 Aen.
1118 2229 1140 2290 1,
1154 2231 1214 2278 213.
1238 2253 1272 2268 -

100 2303 194 2348 uaest
210 2293 308 2346 Sa-ss.
330 2321 357 2332 -
376 2303 550 2347 nostrorum
567 2310 621 2361 η
637 2293 672 2353 (b
689 2294 719 2344 ln
737 2309 795 2359 mg.
814 2299 967 2357 „tantorum
986 2297 1087 2353 ant.‘⁴).

170 2359 220 2410 ΙΙΙ.
257 2363 345 2427 Caput
364 2361 415 2411 m.
450 2362 596 2424 dissuere,
615 2363 745 2427 profana,
767 2367 857 2412 sanata
875 2360 1053 2428 etreligiasos
1080 2359 1144 2426 quid
1160 2375 1192 2411 ea
1208 2359 1271 2423 sint,

100 2436 127 2482 et
142 2444 221 2496 quaes
238 2428 385 2495 diiigenter
398 2429 491 2479 boram
507 2428 642 2479 amborum
655 2427 830 2494 proprietates
849 2441 862 2474 e
898 2429 1002 2479 rasserit
1021 2427 1105 2478 Mara.
1124 2424 1203 2476 eb·b.

137 2499 162 2546 l.
187 2496 251 2562 quid
267 2496 412 2561 profanam
427 2511 481 2545 ans.
498 2493 566 2546 Mss.
585 2509 642 2544 r-s.
674 2493 799 2557 „inserit
815 2491 876 2558 Aug
890 2491 986 2544 faunus
1007 2497 1043 2552 (Α
1064 2493 1091 2543 in
1106 2509 1162 2560 rng.
1178 2508 1197 2543 s
1212 2509 1270 2543 see.

100 2565 155 2630 m.)
172 2563 237 2632 quid
254 2561 430 2630 prophanum.
464 2561 544 2626 Qnad
566 2560 811 2628 germanissimum
832 2565 887 2623 est,
917 2565 946 2611 et
967 2560 1063 2628 agitur
1079 2560 1114 2611 de
1130 2576 1163 2610 eo
1181 2560 1270 2610 altero

101 2629 198 2684 statisn
216 2629 286 2681 loeo·
326 2628 444 2681 Plautus
468 2629 522 2696 [sp.
542 2626 618 2680 Fest.
637 2645 664 2694 p.
681 2631 742 2680 228.
759 2626 884 2694 Muell.]=
905 2627 975 2692 Quid
994 2642 1107 2692 ssorum,
1128 2627 1192 2694 auid
1206 2643 1271 2694 pro·

99 2700 219 2768 plsaaum
235 2698 342 2761 babeas,
358 2698 440 2766 parui
452 2697 608 2765 penditur.“
625 2695 705 2750 Post.
722 2721 756 2735 -
773 2704 861 2749 almas
878 2695 924 2747 iis
940 2711 1001 2763 ug.
1018 2721 1054 2736 -
1069 2697 1087 2748 d
1093 2697 1123 2761 is
1119 2695 1271 2761 anitianens

138 2882 203 2934 Gan
221 2881 326 2946 satians
350 2879 473 2948 uitulum]
491 2877 661 2943 Ablatirurm
711 2877 747 2930 lit
756 2876 833 2930 Serv.
849 2877 882 2930 sd
898 2877 926 2930 Ιι.
936 2877 1014 2945 virg.
1026 2879 1045 2932 Ι.
1059 2880 1139 2942 (den.
1148 2879 1172 2942 I,
1182 2880 1269 2942 {ittae

100 2949 230 3015 quumvis
253 2950 290 3000 sb
316 2949 445 3000 amnibus
472 2948 532 3000 fere
555 2947 661 2998 eodiei-
711 2947 755 2998 lta
786 2953 874 3000 autem
911 2949 1024 2999 annales
1055 2949 1269 3014 conficiebantur.

100 3019 154 3069 bus
184 3022 212 3068 st
241 3032 258 3067 s
284 3015 384 3067 Servio
410 3015 661 3098 commendaretur,
715 3013 1013 3096 Tabulamdealllatana
1023 3017 1164 3083 quotannis
1179 3017 1271 3085 panti-

100 3083 500 3204 subtitut‘ttttt
518 3099 661 3220 ittet
705 3082 1270 3217 {iltilblibiilllttlinib'iii'

98 3237 157 3288 per
176 3220 372 3281 strattona,
389 3223 417 3269 et
434 3215 477 3271 sie
494 3223 599 3269 tontum
619 3219 661 3269 ui·
710 3234 771 3269 ram
792 3219 1001 3285 magistratuum
1021 3218 1108 3288 digna
1127 3228 1271 3272 memoratu

100 3288 159 3340 tufa
181 3303 231 3352 pre
254 3286 420 3339 titulatione
443 3285 535 3352 recipi
559 3291 661 3352 potest,
710 3296 803 3336 natare
827 3292 995 3337 consueuerat
1015 3285 1086 3336 domi
1107 3287 1271 3366 militiaeque

99 3354 126 3407 si
146 3354 253 3422 legitur
264 3355 369 3420 saeiaus
387 3353 514 3416 vitulam,
533 3353 552 3404 i.
570 3369 595 3403 e.
612 3352 661 3402 liet
711 3359 782 3404 terra
796 3351 915 3419 marique
924 3359 1002 3430 gesta
1008 3367 1057 3418 per
1069 3352 1190 3420 singalas
1204 3355 1270 3404 dies.

99 3439 117 3475 s
135 3439 180 3473 me
199 3421 330 3474 ritulatio
347 3421 424 3482 (of.§
437 3422 501 3479 lb),
518 3427 546 3471 et
560 3417 660 3484 optimi
714 3418 797 3469 Cuius
813 3417 973 3486 diligentsae
990 3435 1093 3469 annuos
1110 3427 1270 3472 commentu-

100 3491 213 3542 eodiees
240 3487 354 3554 l'irgitii
387 3487 492 3538 hubent
520 3486 660 3536 seruasti·
709 3485 764 3535 rios
782 3483 810 3534 in
828 3486 964 3554 octoginta
984 3484 1066 3536 libros
1082 3492 1181 3536 ueteres
1196 3494 1270 3538 ruu-

100 3574 175 3610 vum.
212 3556 266 3608 Sed
287 3555 314 3606 in
333 3571 364 3605 re
382 3553 437 3620 ipsi
458 3551 590 3620 scriptori
610 3553 657 3602 du·
711 3553 914 3616 innatansque
930 3568 947 3602 a
966 3552 1189 3618 pontisieibus
1205 3570 1269 3604 ma·

98 3625 148 3678 lsis
186 3623 348 3677 offendebat
388 3620 544 3672 enuntiatio
583 3626 662 3670 eerts
709 3618 820 3678 simis,
843 3618 1102 3684 aquibusstedant,
1127 3621 1270 3672 auaales

100 3701 185 3759 sique
202 3691 298 3744 tirsus:
335 3691 410 3742 Unde
427 3689 475 3740 boe
497 3704 552 3739 esse
571 3688 659 3737 anier-
709 3686 870 3736 suasimus
897 3685 1080 3752 appellarunt:
1111 3687 1181 3737 assde
1208 3687 1269 3753 aui-

99 3761 272 3823 advertimus,
285 3759 355 3826 quod
372 3763 435 3820 cet,
452 3772 534 3837 gnum
551 3755 587 3805 ab
601 3771 660 3806 rens
711 3752 774 3804 dass
796 3751 855 3803 ideo
877 3753 976 3804 dietuss
999 3753 1032 3803 ad
1054 3755 1144 3804 Aenea
1167 3770 1269 3806 anna·

98 3827 213 3896 signnm
248 3825 480 3892 interrogationis
516 3821 597 3890 posui
633 3828 662 3874 et
710 3820 761 3872 les
785 3820 875 3882 aiunt,
904 3820 974 3887 quad
997 3820 1101 3887 etipse
1126 3821 1270 3890 religiosus

100 3903 166 3962 post
192 3894 428 3947 animadvertimus
456 3897 485 3944 et
517 3896 582 3958 post
613 3906 659 3942 es·
711 3889 756 3952 sit,
773 3894 798 3939 et
816 3903 833 3939 a
850 3895 930 3954 poeta
945 3895 999 3940 tum
1016 3887 1139 3956 pestifer
1154 3888 1269 3940 indueu-

97 3964 251 4031 pressimus·
710 3963 763 4007 tur.
780 3953 931 4007 Praeterea
948 3955 1019 4006 eant.
1036 3953 1113 4007 Fert
1130 3971 1173 4022 ap.
1189 3955 1269 4008 Paul.

291 4054 298 4066 ·
349 4053 355 4066 ·
711 4021 830 4086 libili,
850 4041 876 4090 p.
897 4027 953 4074 126.
973 4021 1088 4090 ltuett,
1117 4022 1269 4077 Cicerode

135 4059 177 4106 tu.
216 4051 423 4117 Memsnersssss]
440 4049 484 4102 Cf.
500 4051 606 4102 comm.
622 4047 660 4113 ll,
710 4107 752 4141 ω.
776 4088 818 4154 n,
841 4094 886 4156 ¹2,
903 4093 959 4154 ω’,
988 4089 1105 4160 ΝΜ..
1128 4092 1222 4144 Hunc·
1245 4090 1268 4156 Ι,

101 4125 145 4186 Μ’
163 4125 188 4173 ⁰¹
212 4129 242 4174 “t
259 4121 432 4224 'imm'
708 4163 751 4210 73.
779 4157 895 4210 Beelrer.
914 4159 947 4211 R.
965 4158 995 4209 Δ.
1014 4158 1043 4222 1,
1062 4175 1087 4225 p.
1105 4160 1122 4208 4
1140 4177 1180 4226 sq.

135 4217 177 4264 Π·
208 4212 361 4276 Pfflllfifm
382 4214 497 4262 dmm
571 4216 658 4261 mm·
743 4224 794 4288 lll,
810 4229 832 4276 1.
867 4226 931 4296 quid
946 4225 1101 4308 profanum]
1120 4226 1199 4279 llaee
1216 4241 1267 4276 un·

100 4281 151 4347 dit]
171 4280 232 4332 ms
256 4285 311 4330 ¹³⁰²·
330 4278 364 4329 Μ
384 4277 406 4340 ¹2
423 4280 467 4340 ²⁴2
486 4280 527 4328 Μ·
708 4291 751 4345 eis
768 4292 879 4347 iucluss
892 4293 998 4358 addidi,
1015 4293 1082 4345 lieet
1098 4309 1151 4346 non
1171 4294 1269 4361 legun·

137 4363 308 4429 Pontificibus
320 4362 389 4413 esim
461 4362 538 4428 quasi
554 4378 572 4412 a
589 4378 659 4429 pon·
709 4368 756 4414 tur
777 4361 805 4412 in
828 4361 972 4415 eodieibns
996 4366 1112 4427 excepto
1138 4359 1268 4430 margine

98 4433 212 4497 tifieidus
229 4430 353 4484 ssarissis
365 4428 465 4496 saetas]
489 4427 660 4481 Klsusenias
708 4429 816 4482 codicis
843 4431 882 4494 Δ,
910 4437 941 4482 ut
966 4429 1127 4484 necessaria
1153 4435 1267 4498 propter

98 4501 167 4551 Aea.
181 4517 207 4552 u.
224 4500 250 4550 d.
260 4499 327 4550 Pan.
342 4514 368 4564 p.
383 4499 457 4547 1012.
478 4501 543 4563 epte
561 4503 658 4548 rantu-
708 4501 725 4563 s
742 4500 768 4548 2.
