2992 4867
219 129 287 194 292
692 121 903 188 Maenonll

221 295 299 360 libro
321 293 413 358 tertio
435 291 567 358 decimo:
588 289 656 356 Mos
673 302 729 367 est,
753 289 867 375 inquit,
883 292 1221 440 emtitmmpmn'am,
1239 293 1395 378 pertineas

175 381 263 448 idad
285 381 443 465 relipiaaes
470 377 704 462 cerimoaiospae
728 378 886 440 neniarum
937 377 1021 459 Ergo
1078 376 1194 459 irgilius
1223 385 1394 461 utrumque

221 473 377 530 auctorem
400 469 534 536 secutus,
553 468 585 522 et
605 461 704 544 primo
726 459 850 543 quidem
868 461 1046 536 Varronem,
1072 462 1216 545 quoniam
1238 461 1287 526 ille
1309 461 1394 526 dire-

220 557 269 612 rat
287 567 403 610 morem
424 544 619 629 praecedere,
640 545 727 629 sequi
749 546 1010 622 consuetudinem,
1029 555 1191 630 postquam
1212 546 1300 610 dixit:
1327 546 1395 614 Mas

171 644 304 717 perperat,
337 630 507 694 subiunxit:
542 629 637 706 Quem
653 631 798 716 pretiosa
821 633 907 696 artes
926 633 1060 696 Albanae
1079 633 1209 707 calane,
1236 639 1279 695 et:
1305 633 1395 697 Naar

175 717 209 780 11
222 718 357 781 maxima
388 737 491 779 reram
522 714 620 778 Rama
651 715 734 788 colit,
778 734 840 798 quo
873 715 1124 800 perseverantiam
1161 715 1393 781 consuetudinis

221 806 380 866 monstrat
419 801 460 862 Et
481 799 626 883 quoniam
652 799 762 862 Festus
786 799 937 884 pertinere
965 800 1002 864 ad
1030 801 1211 866 cerimonias
1238 800 1296 877 ait,
1332 801 1392 864 hoc

221 887 300 950 idem
324 883 431 948 docuit
451 885 541 949 Maro
564 883 724 948 adiciendo
745 905 882 950 swam:
1117 907 1120 914 ·

518 1005 557 1014 —
580 969 676 1044 Onera
688 970 832 1054 psaltim
850 969 939 1034 artes

349 1055 482 1118 Albanae
500 1054 617 1118 caluere
635 1075 764 1117 sacram.

174 1139 293 1203 lilios
321 1157 392 1221 ergo
423 1137 586 1222 praecessit
607 1145 638 1200 et
664 1137 764 1201 cultus
785 1136 879 1200 moris
903 1141 1026 1200 secutus
1048 1143 1107 1211 est,
1136 1135 1219 1234 prad
1247 1143 1294 1201 est
1319 1157 1393 1201 con-

222 1221 369 1288 suetudo:
403 1229 434 1285 et
453 1221 501 1285 hic
527 1220 734 1287 definitionem
754 1220 901 1286 Varronis
922 1219 1053 1305 inplevit
1095 1221 1263 1286 adiciendo
1283 1219 1394 1286 deinde

220 1329 342 1372 socnam
363 1306 497 1370 ostendit
516 1326 633 1371 morem
652 1306 827 1370 cerimoniis
847 1304 991 1380 dicatum,
1012 1305 1095 1389 quod
1118 1307 1228 1370 Festus
1248 1303 1393 1369 adseruit

176 1391 306 1456 ididem
326 1390 497 1456 observarit
517 1399 549 1455 ot
567 1391 598 1454 in
616 1391 800 1456 duodecimo
819 1389 912 1465 libro,
935 1410 1005 1453 cum
1027 1389 1085 1453 ait:

528 1512 566 1522 -—
591 1476 707 1542 Marem
727 1478 861 1562 ritusque
881 1496 1036 1539 sacrarum

350 1559 497 1637 Adimam,

175 1641 252 1709 ltin
274 1663 338 1726 qua
362 1644 498 1708 ostendit
526 1653 630 1729 aperte
654 1664 770 1709 morem
801 1663 867 1708 esse
894 1643 971 1708 ritus
997 1661 1162 1706 sacrorum.
1210 1640 1271 1706 Sed
1296 1639 1392 1706 histo-

222 1727 285 1790 riae
304 1746 367 1811 quo
412 1728 541 1792 efidem
563 1728 595 1791 in
617 1727 664 1792 his
685 1727 823 1794 versibus
845 1735 967 1792 secutus
987 1735 1049 1790 est:

384 1835 416 1876 os
437 1826 502 1877 erat
521 1813 664 1898 Hesperia
687 1815 721 1877 ia
738 1814 842 1888 Latio,
867 1811 1045 1896 etreliqua.

223 1894 360 1960 Servavit
392 1897 474 1962 enim
507 1917 670 1980 regnomm
703 1898 944 1961 successionem:
976 1895 1090 1992 quippe
1126 1893 1216 1978 primi
1247 1909 1391 1976 regnare-

222 1989 295 2044 runt
322 1980 437 2056 Latini,
473 1981 582 2045 deinde
608 1981 734 2057 Albani,
765 1990 796 2045 et
824 1981 895 2046 inde
923 1981 1064 2045 Romam.
1106 1979 1194 2043 ldeo:
1226 1978 1291 2042 lllos
1320 1985 1392 2051 erat,

221 2065 354 2150 primum
375 2065 463 2141 dixit,
490 2067 634 2152 Hesperia
655 2069 688 2131 ia
708 2067 811 2142 datto,
836 2074 867 2129 et
888 2073 1009 2151 postea:
1033 2065 1128 2142 Quem
1143 2064 1285 2150 pretinm
1304 2061 1393 2125 arbes

221 2151 354 2299 liam
375 2151 494 2299 puluere
518 2173 653 2222 socnam:
686 2150 795 2216 deinde
821 2151 965 2216 subiecit:
1002 2151 1091 2215 Noae
1123 2150 1260 2213 maxima
1289 2166 1393 2211 resson

252 2257 320 2300 ama
341 2255 374 2299 ca
386 2237 417 2299 a.

173 2336 224 2401 {aa}
310 2320 366 2384 lx
409 2321 570 2386 Recessere
592 2342 691 2385 amnes
712 2321 810 2406 adytis
833 2319 955 2406 artique
975 2319 1085 2384 relictis

209 2418 214 2427 '
350 2403 396 2468 Di
413 2405 521 2492 pallies
544 2407 586 2470 eia
607 2408 705 2471 mum
723 2406 779 2470 ltcc
798 2415 922 2469 steterat
1247 2482 1254 2495 ι
1367 2479 1375 2492 ⁰

224 2487 266 2553 Et
290 2489 328 2553 de
356 2490 562 2556 vetustissimo
617 2509 798 2556 omanorum
827 2509 912 2553 more
941 2495 972 2552 et
997 2487 1036 2552 de
1058 2483 1272 2552 occultissimis
1299 2499 1392 2546 sacras

290 2657 371 2721 [Mu.
391 2657 516 2709 ABGPS.

221 2736 322 2788 scribo.
364 2737 488 2791 hiorartt
517 2733 634 2790 nimium
658 2745 792 2805 qnantum
816 2737 910 2806 supini
936 2737 963 2788 in
993 2735 1110 2788 unitatis
1141 2738 1205 2784 nota
1235 2729 1392 2782 scribenda.

221 2804 261 2853 Da
283 2804 355 2856 lulio
372 2804 458 2857 Festo
476 2808 602 2857 mendara
621 2823 684 2856 esee
703 2807 772 2858 olim
791 2805 900 2858 notavit
918 2805 962 2854 vir·
984 2803 1133 2870 anagnue.“
1152 2800 1255 2849 Maura.
1280 2823 1315 2836 --
1344 2799 1393 2848 de·

219 2871 363 2923 cimeteriis
381 2873 460 2922 11.-
479 2874 538 2924 Mos
616 2874 757 2938 maiorum]
776 2874 849 2924 Feat.
870 2871 917 2922 tto.
938 2869 1013 2932 xttt,
1032 2889 1056 2935 p.
1077 2871 1133 2918 lat.
1153 2865 1251 2916 Maeli.
1273 2890 1306 2901 -
1328 2881 1391 2927 per·

220 2937 306 2988 tineae
324 2954 378 2988 om.
396 2939 477 2988 1³.-
496 2940 761 3006 ceremoniarum-g.
796 2938 1022 2990 caerimoniari.
1130 2937 1168 2983 10.
1194 2941 1339 2983 anetarum
1358 2931 1390 2981 B.

220 3010 340 3053 actorem
359 3005 394 3055 G.
419 3029 452 3042 -·
478 3005 606 3070 quanda
622 3006 668 3056 ille
684 3006 717 3057 G.
738 3031 769 3044 -
794 3005 928 3057 subiunxit
945 3019 999 3053 om.
1017 3002 1045 3053 S.
1064 3028 1098 3039 -
1121 3001 1196 3052 Noae
1215 3002 1283 3065 (om.
1302 3003 1342 3058 et)
1362 2997 1391 3050 S.

220 3075 246 3120 et
264 3074 332 3127 (om.
350 3071 485 3130 Nonam.
504 3099 536 3108 —
554 3072 628 3138 quad
645 3071 726 3123 s·ltP.
754 3101 780 3109 -
801 3073 973 3123 demonstrat
990 3069 1024 3120 G.
1120 3072 1159 3119 ts.
1189 3067 1391 3118 essedicatan

220 3135 301 3186 e-tP.
406 3140 448 3187 1³.
478 3143 598 3191 roeaaoit
613 3155 675 3205 mg.
700 3165 731 3176 -
757 3139 784 3189 ia
802 3138 956 3190 duodecima
973 3137 1049 3204 libra]
1068 3153 1092 3186 r.
1110 3139 1170 3186 836.
1193 3161 1227 3172 -
1253 3135 1280 3185 ire
1298 3150 1349 3199 qua
1367 3169 1391 3184 ..

220 3218 353 3253 samaram
380 3220 434 3254 am.
462 3205 494 3255 Ρ.
602 3209 638 3254 rt.
671 3206 799 3256 lrietariae
826 3207 950 3272 quidem
972 3206 1054 3267 sidem
1085 3219 1110 3254 r.
1145 3201 1271 3252 -viade
1295 3201 1391 3252 Allaai

220 3267 298 3321 asv-
318 3305 327 3322 .
344 3297 376 3307 -
393 3287 467 3337 quem
483 3273 606 3338 protinus
623 3290 686 3324 aaa
703 3273 803 3324 Albani
820 3274 922 3324 caluere
938 3272 999 3322 viri
1016 3269 1130 3322 ABGPs
1149 3267 1230 3334 („B“
1247 3271 1356 3327 traam).

289 3285 337 3387 ἃ.
376 3338 463 3405 capnt
484 3339 529 3389 lX.
565 3339 603 3390 De
624 3339 741 3390 carmine
764 3357 814 3407 pua
839 3339 943 3390 auocari
963 3339 1081 3389 solebant
1102 3339 1141 3388 dii
1159 3336 1286 3386 tutelares
1302 3340 1327 3385 ct
1341 3341 1390 3414 pat

219 3403 296 3454 ardes
313 3412 360 3456 aut
378 3407 506 3457 exercitae
521 3407 651 3458 deaooeri.
673 3407 751 3458 eir-la.
857 3410 878 3456 1.
907 3406 1056 3471 Excessere]
1074 3405 1139 3456 deu·
1159 3404 1197 3466 ll,
1214 3406 1273 3454 351.
1291 3428 1316 3439 -
1337 3408 1391 3452 seta

219 3574 266 3626 vix
317 3578 455 3629 uterer-im
479 3577 652 3631 Macrobiurn
677 3580 779 3646 ipsam,
832 3579 944 3647 ponitur
979 3580 1052 3632 euim
1084 3579 1111 3630 id
1142 3578 1214 3645 quad
1250 3575 1389 3641 sequitur:

220 3641 268 3706 qui
311 3650 402 3696 estam
420 3663 444 3696 a.
462 3649 575 3709 11510.
593 3655 661 3697 etc.
681 3651 778 3710 5.§t.
833 3649 978 3698 Adiciaada
994 3647 1098 3700 deinde.

219 3715 297 3759 recte
320 3711 506 3762 nominaverit
530 3713 695 3780 Pompeium,
725 3716 780 3765 troc
867 3717 908 3766 ts.
944 3717 971 3767 ia
985 3733 1037 3782 pao
1054 3714 1168 3767 aeteadr't
1185 3715 1276 3778 aperte
1293 3723 1389 3759 maresa

219 3791 318 3826 nornen
344 3777 374 3828 h.
395 3779 412 3828 Ι.
440 3781 600 3830 conludius
625 3796 688 3832 cum
717 3781 781 3833 laelii
830 3797 886 3832 esse
903 3783 970 3834 ritas
988 3781 1132 3845 saeorum]
1153 3779 1233 3828 ilaue
1252 3775 1390 3841 interpre-

219 3841 380 3904 (casanat.)
409 3847 533 3896 nomine:
564 3848 612 3897 sed
641 3848 780 3912 quomodo
831 3848 963 3901 tatianam
1000 3865 1053 3900 non
1089 3844 1216 3899 admittit
1248 3841 1390 3910 particula

218 3909 418 3961 amandandum
439 3912 492 3974 ait,
508 3913 612 3963 nescio.
646 3913 780 3966 Fortasse
830 3930 888 3981 pue.

218 3973 380 4027 Macrobioe
391 3989 523 4044 posuerat
535 3996 704 4046 praenomen
713 3983 779 4034 Sea·
866 3985 907 4034 14.
944 3979 1067 4032 Servavit
1084 3980 1153 4030 euim
1166 3991 1310 4046 regnarem
1327 3991 1388 4024 aaa·

218 4047 278 4105 tae,
303 4041 387 4108 idque
411 4045 548 4111 scriptum
575 4063 665 4100 ara-u
687 4056 779 4100 arata-
829 4045 977 4112 cessionem]
997 4046 1111 4097 Poterat
1127 4043 1288 4096 Macrobius
1302 4041 1388 4092 etiam

219 4116 279 4159 tam
297 4117 341 4160 est
360 4109 387 4160 iu
406 4127 508 4163 rvurvs.
829 4112 858 4164 h.
875 4115 894 4166 Ι.
912 4114 1151 4178 compararedea.
1164 4111 1224 4162 1111,
1239 4113 1323 4160 afleti
1333 4125 1388 4173 uqa

255 4178 296 4225 11.
335 4178 453 4243 emar]
488 4181 543 4229 dut
573 4178 628 4230 hae
661 4181 779 4232 verbnm
833 4174 1389 4248 Sttbatinar,riatAllaaipersecula

218 4241 312 4292 omitti
342 4252 465 4309 poterat,
500 4251 548 4297 aut
576 4261 648 4362 «puae
676 4246 779 4300 deiude
829 4263 919 4316 reges,
953 4247 995 4298 Sit
1021 4247 1169 4300 Romana
1197 4253 1289 4314 paleas
1316 4243 1389 4295 ltata

219 4317 384 4372 repetantur
403 4311 515 4378 Virgilii
535 4329 584 4364 ver
604 4328 630 4362 a.
650 4314 693 4366 (ll.
713 4332 738 4366 e.
752 4319 778 4368 ὅ.
828 4316 927 4366 virtute
944 4329 1075 4383 propaga.

219 4375 278 4434 5⁶·
862 4379 916 4443 IX,
935 4385 959 4431 1.
992 4383 1025 4434 de
1050 4379 1225 4433 vetustissima
1252 4377 1389 4430 Rouana-

255 4442 294 4489 tfl.
328 4439 382 4505 ltia]
398 4441 427 4492 ir.
446 4458 469 4492 a.
487 4442 558 4496 lasea
574 4443 706 4508 dicenda,
727 4461 778 4512 ap·
827 4462 886 4500 raas
907 4463 978 4500 nare
997 4456 1023 4502 at
1041 4449 1075 4500 de
1095 4445 1276 4499 mcultiuisais
1292 4439 1387 4507 sacris]
