2992 4867
258 113 324 179 llll)
739 104 952 174 MAGROBII

259 278 372 366 qubus
392 274 554 341 tenebatur
575 270 724 338 fortitudo
745 273 965 353 membrorum,
984 278 1017 337 et
1037 270 1109 337 iodc
1125 271 1207 337 saltu
1227 272 1348 337 dmoris
1366 270 1433 355 agi-
1483 273 1487 321 t

231 368 374 433 litantur.
420 360 500 425 llinc
529 366 560 423 et
588 357 792 423 laxamentum
821 358 936 423 ventris
965 358 1132 422 comitatur
1159 358 1318 433 timorem,
1356 357 1435 441 quia

261 446 391 515 musculi
417 444 530 528 quibus
553 441 773 506 claudebantur
799 441 1049 507 tenimentorum
1071 449 1189 507 meatus
1213 441 1359 527 lugicntm
1386 442 1436 504 in-

261 540 396 598 trorsum
422 528 541 593 animae
568 525 679 591 virtute
705 525 816 591 deserti
840 526 943 591 lar-ant
966 526 1087 593 vincula
1114 526 1227 612 quibus
1253 526 1437 591 retrimenta

215 618 255 683 1⁰
263 634 363 701 usquc
393 612 432 677 ad
461 610 639 695 digestionis
668 609 906 694 oportunitatem
936 611 1180 677 continebantur.
1229 611 1354 677 §enim
1384 610 1437 675 bis

261 700 351 767 dietis
373 696 584 767 uenerabiliter
604 694 751 759 adsensus
772 695 913 759 obticuit

344 782 418 847 llll.
462 782 549 845 Tunc
577 778 728 842 Avienus:
760 778 845 857 Quia
865 800 915 845 me
935 778 1029 855 ordo,
1055 778 1114 853 eit,
1138 777 1176 842 ad
1202 776 1433 843 similitudinem

262 863 497 933 consultationis
517 862 661 947 adplicat,
688 861 881 928 reducendus
901 862 976 926 mibi
1001 872 1050 927 est
1071 863 1110 928 ad
1136 863 1307 927 convivium
1330 882 1435 926 sermo

215 950 338 1040 peeopqui
364 948 485 1033 longius
512 968 528 1011 a
554 967 657 1011 mensa
679 946 740 1011 iam
764 947 864 1012 luemt
889 955 1031 1031 evagatus
1057 956 1090 1011 et
1114 947 1153 1011 ad
1176 947 1251 1011 alias
1273 947 1438 1011 munierat

235 1034 467 1124 dquaestioncs
511 1032 610 1116 Saepe
631 1031 771 1117 adposita
789 1032 876 1097 salita
897 1051 997 1109 cerne,
1013 1051 1106 1117 quam
1124 1032 1436 1107 antonnacensis,

263 1128 299 1187 ut
325 1118 436 1205 opinor
466 1115 553 1201 quasi
582 1115 666 1199 large
688 1116 825 1192 aridum,
856 1136 1003 1202 quaerere
1027 1136 1148 1180 mecum
1178 1116 1244 1200 ipsa
1276 1116 1435 1192 constitui,

309 1225 326 1269 a
350 1202 469 1267 ratione
493 1219 615 1264 comem
643 1199 680 1263 ed
707 1199 937 1265 diuturnitatem
966 1220 1043 1265 usus
1067 1200 1214 1265 admixtio
1234 1200 1307 1265 salis
1326 1206 1434 1264 servet

295 1309 333 1353 oc
355 1288 427 1351 licet
444 1284 605 1349 aestimare
627 1304 747 1349 mecum
766 1284 891 1369 possim,
911 1284 993 1349 malo
1010 1293 1113 1349 mmen
1130 1286 1169 1349 ab
1187 1305 1227 1349 eo
1251 1284 1304 1369 qui
1324 1304 1432 1368 eorpo-

236 1373 350 1446 3ribus
373 1378 461 1434 curat
488 1368 601 1432 certior
621 1367 696 1432 lieri.
739 1369 782 1432 Et
802 1368 959 1434 Disarius:
993 1368 1094 1434 Omne
1117 1389 1229 1454 corpus
1250 1377 1359 1454 suapte
1380 1389 1433 1433 na·

264 1466 334 1523 mre
357 1452 534 1519 dissolubile
559 1459 591 1515 et
616 1450 783 1517 marcidum
810 1462 929 1530 estet,
958 1453 1017 1517 nisi
1035 1452 1169 1537 quodam
1194 1453 1315 1519 vinculo
1336 1452 1432 1517 eonti-

265 1546 390 1616 neatur,
419 1536 506 1602 lacile
532 1535 646 1601 delluit.
688 1535 873 1602 Continetur
898 1546 1017 1614 eutem,
1052 1537 1201 1621 quamdiu
1223 1538 1304 1602 inest
1323 1538 1433 1613 anima,

266 1622 504 1709 reciprocatione
529 1620 622 1697 aeris,
654 1640 714 1704 qua
743 1629 923 1705 vegetantur
943 1622 1160 1707 conceptacula
1191 1622 1327 1707 spiritus,
1360 1621 1431 1686 dum

238 1715 387 1794 dsemper
402 1726 483 1770 novo
503 1703 638 1789 spirandi
659 1704 838 1770 nutriuntur
854 1706 1008 1771 alimento.
1051 1707 1120 1771 lloc
1137 1714 1277 1771 cessante
1294 1724 1349 1790 per
1369 1704 1432 1769 ani·

266 1813 335 1859 mae
362 1790 529 1855 discessum
557 1788 693 1852 membra
720 1797 928 1867 marcescunt,
959 1798 991 1853 ct
1013 1810 1106 1855 omne
1123 1790 1259 1875 pondere
1281 1810 1338 1855 suo
1360 1810 1432 1854 con·

266 1876 382 1941 llictum
405 1893 518 1957 corpus
539 1872 703 1937 obteritur:
739 1882 805 1937 turm
830 1874 954 1958 sanguis
973 1874 1077 1952 etiarm
1110 1874 1178 1959 qui,
1210 1874 1357 1959 quamdiu
1376 1872 1433 1938 luit

266 1956 536 2044 compescueris,
565 1956 657 2021 dubet
678 1957 823 2022 membris
844 1959 995 2042 rigorem,
1015 1958 1115 2023 calore
1136 1958 1308 2023 discedente
1325 1976 1434 2022 versus

267 2044 299 2109 in
322 2043 437 2108 saniem
454 2062 516 2105 uon
539 2048 642 2105 manet
660 2040 739 2106 intra
761 2062 867 2119 venas,
888 2044 941 2107 sed
961 2042 1042 2107 lorus
1062 2042 1253 2127 exprimitur:
1273 2048 1369 2125 atque
1392 2042 1436 2106 ita

237 2127 374 2197 dlexutis
398 2125 590 2212 spiramentis
618 2124 714 2191 cllluit
735 2126 821 2191 tabes
846 2125 1024 2191 faeculenta.
1064 2126 1100 2191 ld
1126 2125 1191 2190 lieri
1211 2125 1256 2190 sal
1276 2124 1435 2191 admixtam

266 2211 388 2298 corpori
410 2208 559 2296 probibet.
602 2210 660 2275 Est
682 2210 762 2275 enim
789 2220 898 2275 natura
922 2211 1021 2275 siccus
1046 2217 1078 2275 et
1102 2210 1230 2286 calidus,
1262 2218 1295 2275 ct
1316 2210 1433 2274 lluxum

267 2296 391 2383 quidem
424 2293 561 2378 eorporis
594 2294 695 2359 calore
728 2294 894 2373 contrabit,
925 2295 1085 2359 bumorem
1119 2314 1189 2359 vero
1219 2294 1356 2358 siccitate
1386 2294 1433 2358 vel

267 2387 389 2447 coercet
412 2378 458 2445 vel
488 2377 622 2443 exorbet.
665 2378 755 2445 Certe
780 2379 940 2445 bumorem
968 2379 1030 2443 sele
1056 2378 1170 2443 dillerri
1202 2378 1265 2442 sive
1296 2378 1433 2443 consumi

267 2464 303 2529 lit
323 2464 395 2528 binc
415 2460 538 2546 cognitu
558 2460 652 2538 facile,
673 2463 767 2547 quod,
786 2464 812 2528 si
833 2463 911 2528 duos
931 2482 1024 2612 panes
1044 2462 1110 2548 pari
1132 2461 1340 2546 magnitudine
1355 2462 1432 2527 lece·

268 2549 319 2626 ris,
341 2567 438 2613 unum
462 2546 524 2610 sale
541 2565 714 2628 aspersum,
746 2548 812 2612 sine
833 2547 896 2611 sale
917 2555 1062 2625 aterum,
1095 2548 1230 2613 invenies
1250 2546 1431 2631 indigentem

267 2630 338 2699 salis
356 2628 491 2714 pondere
512 2628 750 2712 propensiorem,
772 2630 887 2695 scilicet
908 2629 1038 2697 humore
1059 2631 1091 2695 in
1111 2651 1149 2696 eo
1168 2652 1223 2716 per
1242 2631 1313 2696 salis
1335 2650 1430 2716 penu-
1484 2691 1485 2700 ,

238 2715 343 2781 liriam
373 2718 577 2796 permanente
628 2712 670 2776 Et
691 2712 750 2776 boe
770 2734 789 2779 a
809 2713 932 2781 Disario
961 2736 1030 2782 meo
1060 2715 1232 2802 praestum
1260 2714 1345 2793 solo,
1373 2734 1433 2779 cur
1484 2741 1485 2746 ¹

333 2860 415 2926 [bles.
434 2859 539 2911 Arsit.

263 2944 289 3059 2.
315 2942 495 3057 leromcgtun
518 2942 618 2997 ceutria
639 2942 704 3011 eet]
734 2943 779 2997 Ol.
795 2946 873 3001 Alex.
892 2949 912 2999 l.
930 2965 954 2999 e.
983 2973 1016 2988 -
1044 2948 1236 3001 metuebatur
1255 2946 1289 2999 Ρ.
1390 2950 1433 2997 10.

288 3022 402 3123 evellii..
435 3041 523 3141 ‘eaput
542 3072 605 3128 ΧΗ.
636 3076 676 3127 De
696 3080 896 3145 quaestionibus
911 3079 1059 3148 quindecim
1078 3078 1186 3131 Diceris
1203 3081 1238 3131 ab
1255 3078 1356 3131 Avieno
1369 3094 1432 3145 pn·

263 3140 366 3207 positis.
387 3140 467 3191 ela-b·
572 3144 595 3193 1.
625 3144 690 3195 milai
706 3153 778 3206 (om.
796 3152 848 3207 ert)
868 3146 896 3197 S.
931 3153 969 3198 cst
985 3146 1051 3196 milti
1068 3160 1129 3212 r-g.
1147 3173 1180 3185 -
1198 3163 1216 3198 ar
1234 3162 1325 3199 nesea
1336 3148 1433 3210 [sord

264 3213 333 3267 (om.
349 3207 418 3267 mm)
441 3207 470 3259 S.
572 3212 598 3259 2.
627 3211 762 3264 admistio
780 3230 842 3282 ν-ς.
869 3238 896 3249 -
926 3212 1061 3264 estimare
1078 3227 1139 3328 rip.
1169 3238 1203 3252 -
1230 3229 1348 3281 moro
1364 3213 1401 3279 (Δ
1417 3228 1434 3262 a

265 3290 323 3325 aec.
341 3280 394 3333 m.)
411 3290 471 3341 mg.
499 3300 534 3314 ·-
563 3284 640 3329 estut
657 3294 712 3329 om.
733 3278 764 3329 P.
864 3280 889 3329 d.
909 3277 1099 3341 semland
1130 3310 1137 3325 .
1167 3280 1317 3341 settle-lo
1332 3278 1367 3330 Ρ.

298 3344 325 3391 b.
350 3342 439 3393 culm
456 3341 607 3408 probibet
624 3345 757 3398 marranti
780 3347 823 3396 vl.
851 3371 885 3383 -
904 3346 1011 3410 flam
1035 3350 1113 3410 (sup.
1135 3345 1200 3396 edd.
1217 3351 1277 3404 un)
1301 3347 1333 3398 Δ.

297 3475 335 3589 &d
355 3458 498 3589 [aptitudo]
521 3471 729 3588 },⁰·fl1fflll⁸⁸·
760 3476 824 3528 dle·
872 3444 926 3527 toi
948 3490 1027 3527 exem
1049 3475 1238 3559 iuribusaeed
1256 3476 1323 3561 vide
1338 3494 1376 3530 ιο
1392 3479 1436 3531 lc·

262 3542 673 3685 :mammetem
688 3543 824 3674 mlta
872 3542 1315 3675 attrtsttftttm‘cc
1330 3544 1482 3672 test

262 3683 372 3734 popter,
388 3670 435 3720 aba
452 3670 581 3734 censalem
595 3672 745 3725 maluerim
762 3674 823 3743 lcgl
871 3677 1438 3747 usiumllisrluitenittmurpue.
1481 3725 1482 3740 ,

262 3728 372 3851 deportet
387 3736 421 3815 rel
439 3732 532 3801 μόρια.
905 3744 932 3792 4.
967 3742 1221 3860 mir-natupm
1244 3745 1266 3795 l.
1292 3744 1370 3797 ide.
1390 3753 1438 3798 eet
1481 3747 1482 3796 l

262 3800 821 3937 ncsltlftt'ttlbtbttt
870 3808 945 3926 2:22⁴
960 3813 1101 3926 ..iiim
1172 3810 1210 3863 ¹⁴·
1238 3812 1372 3880 “⁰¹⁶⁸‘'
1405 3830 1437 3880 '‘
1481 3839 1482 3850 '

297 3929 364 4013 ιιι,
383 3938 406 3984 1.
439 3934 477 3983 «a
494 3934 695 4017 mustene·-
715 3908 823 3991 macl
904 3908 942 3993 ι’
967 3943 1000 3993 ιι
1009 3914 1076 4009 aaa
1092 3941 1135 3993 «ιι
1149 3942 1280 4010 pone]
1297 3942 1342 3994 cr.
1361 3960 1387 3995 a
1407 3949 1438 4006 a,

259 3998 382 4066 ultuma]
407 3997 449 4079 ill.
472 4001 531 4063 δῦ.
558 4003 596 4052 od
619 4003 821 4059 diuturnitate·
870 4006 971 4073 §but
989 4008 1263 4076 ..prohibu-tilla
1280 4014 1437 4063 serrari.

258 4080 332 4127 uus,
348 4074 376 4117 et
394 4066 450 4147 ssd.
468 4067 596 4146 prolegp.
615 4084 640 4133 p.
658 4084 717 4121 sorr
736 4088 776 4137 sq.
904 4074 1017 4141 differri]
1037 4076 1110 4127 idem
1131 4074 1205 4127 vetat
1221 4090 1256 4127 sc
1274 4077 1415 4143 dissipari.

259 4134 523 4249 'essndpuges'pprpp
538 4134 819 4270 3³:3ssmess
868 4141 1067 4259 tezagam
1083 4139 1161 4208 'aad
1174 4140 1194 4192 ι
1210 4157 1235 4193 ο.
1252 4142 1314 4195 η..
1330 4158 1436 4195 Μ-

292 4263 340 4325 qul
355 4264 505 4328 corporibus
523 4264 668 4331 eemJ'ct.
687 4273 817 4338 prolcgg·
883 4272 1245 4391 ’pmwml
1270 4273 1290 4325 i.
1311 4290 1338 4325 ο.
1361 4290 1436 4343 gn·

257 4338 285 4386 p.
302 4338 396 4376 xxxix.
413 4329 487 4406 med.
863 4354 981 4391 vrum.
1041 4374 1049 4389 .
1143 4339 1262 4393 Tuml.
1278 4340 1309 4404 V,
1326 4344 1370 4407 11,
1386 4346 1434 4396 w.

289 4388 317 4436 ⁸.
351 4390 455 4455 defien]
481 4392 530 4443 Sic
548 4393 655 4459 legitur
676 4394 706 4447 in
724 4398 816 4450 enat-
860 4406 1065 4471 propendere
1085 4407 1289 4461 illalum.
