2992 4867
164 46 236 111 Vlll
674 63 865 111 suasano.

165 212 314 290 laborent,
334 231 373 276 na
392 210 480 296 potui
501 208 626 293 quidem
648 208 687 273 ad
706 227 761 277 eos
779 205 961 275 indicandos
977 205 1110 285 addere,
1124 214 1161 271 ut
1181 203 1318 283 adsolet,
1334 222 1386 271 sc·

166 318 283 377 cenum.
324 312 373 376 lle
390 312 462 378 loco
481 308 626 379 Plautino
645 308 699 393 qui
720 308 832 393 legitur
845 307 910 373 sm
927 308 985 385 111,
1006 306 1056 384 111,
1074 306 1107 372 2.
1124 326 1224 391 nuper
1244 304 1387 371 consultu

166 413 200 477 F.
222 413 452 489 marcuinus,
472 410 526 496 qui
548 428 628 495 quac
650 426 708 495 pro
729 408 851 494 egregia
871 426 927 475 sua
946 406 1139 474 humanitate
1158 426 1280 473 mecm
1301 424 1387 471 com·

65 533 66 542 ¹
167 511 333 579 manicavit
352 532 415 577 non
436 530 562 597 possum
583 508 659 595 quin
680 509 730 575 bic
752 529 874 595 ponam.

252 612 369 678 Versus
386 611 453 677 illos
469 610 665 678 baccarios
686 610 740 696 (sic
759 629 875 677 noman
892 607 1014 677 fabulae
1032 626 1102 674 esse
1118 604 1324 689 scribendum)
1345 604 1390 669 ait

168 709 222 775 Vir
252 710 447 777 Clarissimus
470 712 561 795 vulgo
588 710 696 777 baberi
720 730 778 797 pro
800 708 954 777 Saturniia
982 714 1015 775 et
1043 707 1111 811 eiua
1137 705 1257 791 generis
1283 724 1390 773 amaus

168 810 212 875 sic
229 810 293 877 lere
312 830 403 896 possa
423 812 585 877 constitui:

169 944 239 1006 Qals
260 944 389 998 mortali
394 950 426 999 st
448 944 531 999 tostii
553 944 687 1009 sorllrluo
708 944 832 1011 afflatus
846 941 984 1009 sannaus

169 1028 264 1089 mars
286 1042 339 1095 ego
361 1028 438 1081 sanc
461 1042 524 1081 suaa
547 1028 652 1095 quotus
671 1026 768 1081 vestrl
782 1026 787 1095 l
801 1025 873 1079 tado
893 1024 1035 1091 ponam
1055 1020 1188 1089 pam?

175 1112 223 1161 l'sl
245 1111 299 1162 lls'c
321 1116 370 1177 pul
392 1114 462 1165 aaltl
485 1110 638 1177 scipsaser
652 1110 657 1179 Ι
671 1110 760 1163 ldtssit
786 1110 818 1161 s'sa
841 1113 918 1161 marl
943 1107 1067 1160 sistebat

173 1192 262 1246 Elaea
285 1192 365 1247 lsitus
386 1200 418 1247 tra
440 1194 569 1249 laltsbros
591 1193 712 1246 rtsldaoa
726 1192 733 1262 Ι
747 1192 881 1245 diaulus
903 1194 933 1244 et
953 1188 1049 1242 malls.

255 1308 316 1373 Sed
349 1327 445 1395 quum
472 1308 597 1374 omnino
621 1306 786 1373 verisimile
812 1324 875 1370 non
901 1310 982 1370 essct
1007 1304 1151 1369 Plautum
1182 1302 1394 1387 composuisse

169 1425 276 1473 versus
295 1408 466 1488 Saturnios,
489 1428 545 1473 nao
562 1408 799 1486 vehementiore,
820 1406 914 1472 immo
934 1406 1061 1484 leviore,
1084 1424 1162 1489 opus
1181 1410 1262 1469 esset
1280 1402 1393 1468 immn-

170 1506 302 1587 tationc,
334 1516 370 1577 ut
397 1508 590 1577 efficerentur
613 1510 721 1595 optimi
747 1507 910 1593 septenarii
938 1505 1076 1582 iambici,
1102 1524 1165 1588 quo
1191 1511 1289 1569 metro
1308 1502 1395 1569 illum

170 1614 292 1689 mtam
314 1608 489 1693 saepissime
510 1628 600 1673 asum
622 1627 689 1673 esse
709 1614 877 1681 constaret,
906 1606 951 1669 sic
971 1604 1075 1688 patiam
1096 1603 1155 1668 boe
1171 1622 1277 1671 vorsus
1297 1603 1395 1669 vicari

172 1724 240 1769 essa
260 1706 451 1773 scribendos:

173 1841 244 1901 θνα
266 1839 310 1893 det
331 1844 469 1895 mortalis
493 1839 562 1893 tam
585 1843 674 1893 bono
698 1838 823 1903 [ortana
847 1836 971 1905 affectas
998 1835 1132 1905 lupanas

174 1924 269 1984 Ossam
290 1936 342 1990 epo
363 1922 441 1975 salac
464 1938 541 1988 suna,
566 1926 670 1989 quoius
695 1925 768 1979 laec
789 1921 973 1988 [adpotus]
990 1922 1087 1973 centri
1106 1924 1247 1985 portatur
1262 1918 1395 1989 pampo?

180 2008 228 2057 l'sl
251 2006 315 2059 lice
339 2009 388 2072 pasl
411 2008 482 2059 mllsl
506 2008 539 2057 la
559 2009 638 2059 marl
662 2032 692 2043 -
714 2004 869 2071 acipc'assr
892 2009 982 2057 latuit
1003 2003 1135 2069 sistebat,

175 2090 208 2139 la
230 2086 359 2141 latebras
383 2092 445 2141 etus
468 2086 588 2141 reddam
614 2092 693 2142 latras
713 2092 784 2143 mels
804 2086 937 2141 distillas
958 2091 987 2141 st
1006 2085 1104 2141 motu.

260 2202 348 2268 Boua
365 2205 491 2289 fortuna
512 2202 651 2269 similiter
677 2204 735 2287 legi
757 2203 788 2267 in
806 2202 965 2268 Aulularia
984 2204 1027 2287 (l,
1050 2202 1086 2278 3,
1105 2202 1183 2287 22),
1202 2202 1284 2287 apud
1307 2202 1395 2267 Cice·

174 2319 280 2366 ronam
305 2302 346 2387 (in
373 2302 459 2369 Varr.
484 2304 545 2381 lV,
567 2302 603 2381 3,
626 2304 681 2391 7.),
715 2322 869 2390 saepeque
895 2304 925 2366 in
955 2300 1203 2387 inscriptionibus
1224 2302 1258 2367 F.
1279 2302 1318 2367 B.
1351 2303 1400 2367 l'el

175 2403 217 2485 (v.
236 2400 275 2487 3.)
303 2401 384 2467 idom
408 2424 474 2469 esso
497 2426 532 2469 ac
562 2402 640 2470 actast
673 2412 705 2469 et
731 2404 865 2490 logical
892 2403 941 2469 laic
967 2400 1011 2467 sio
1035 2402 1125 2467 etiam
1152 2400 1242 2479 alias,
1274 2408 1310 2467 ut
1330 2401 1397 2467 Mc·

174 2502 279 2566 naccb.
301 2504 344 2580 V,
365 2504 402 2581 2,
425 2505 495 2569 119.
539 2507 575 2570 ln
594 2505 703 2570 ultimo
733 2525 823 2570 versu
851 2503 953 2567 minus
983 2503 1172 2587 probandam
1200 2523 1268 2569 essa
1289 2504 1397 2568 verbo·

174 2620 244 2664 rum
275 2601 521 2668 collocationem:
549 2605 623 2669 Eius
652 2608 687 2669 lu
714 2606 841 2669 latebras
865 2602 991 2667 raason
1011 2604 1099 2667 lctus.
1142 2607 1171 2666 Α
1193 2622 1270 2667 voco
1298 2607 1398 2669 maci·

175 2698 241 2778 lus,
277 2720 357 2785 qnae
392 2700 468 2766 lalso
498 2702 651 2786 legaretur
677 2703 760 2789 apud
781 2702 990 2777 Maorobium,
1024 2701 1117 2765 nimis
1146 2711 1299 2768 remotum
1331 2724 1399 2769 esse

174 2800 325 2866 mamillas:
352 2801 402 2865 vix
426 2800 469 2866 illi
493 2802 584 2867 aetati
605 2803 698 2867 tribui
719 2822 810 2888 possa
828 2801 1027 2878 mandibulis,
1057 2800 1111 2866 sed
1133 2802 1225 2869 obem
1246 2804 1334 2869 molis
1355 2803 1398 2868 la·

175 2898 231 2964 oilc
253 2899 284 2964 iu
307 2898 388 2967 illam
410 2920 516 2968 vocem
545 2902 682 2987 potuisse
710 2901 837 2967 mutari:
869 2902 1005 2966 <leuibus
1026 2902 1177 2985 producta
1206 2904 1312 2969 ultima
1340 2904 1399 2989 spl-

178 3000 246 3065 laba
265 3001 347 3086 apud
369 3002 515 3067 Plautum
537 3022 599 3067 non
619 3023 686 3067 csse
706 3002 999 3087 reprehendendum.

261 3100 500 3167 adnotationem
539 3102 699 3187 largiorem
743 3102 956 3186 llagitaverunt
998 3122 1046 3167 res
1089 3102 1120 3165 in
1155 3102 1399 3175 saturnaliorum

176 3198 260 3263 libris
289 3207 449 3275 tractatam
483 3202 536 3267 sed
567 3208 670 3267 tamen
698 3202 813 3268 serrari
842 3222 935 3287 quam
957 3202 1033 3267 rnibi
1063 3222 1283 3288 proposueram
1306 3203 1400 3267 ratio-

176 3318 254 3362 nem.
314 3300 538 3386 Interpretabar
574 3302 692 3388 potins,
726 3311 864 3368 retamim
898 3302 1080 3387 scriptorum
1115 3303 1296 3389 planamque
1334 3322 1400 3368 aar·

176 3398 236 3477 bis,
271 3408 419 3485 quamam
443 3401 564 3467 valebat
589 3410 675 3469 curta
707 3404 859 3487 supellex,
898 3423 934 3467 aa
962 3424 1042 3488 quae
1074 3403 1195 3489 scripsit
1214 3400 1402 3480 Macrobius,

176 3519 268 3585 quam
289 3501 378 3567 anxia
397 3503 598 3587 quaerebam,
619 3512 760 3571 essentne
779 3523 850 3571 vcra
871 3524 952 3591 quac
972 3504 1108 3569 doceret:
1131 3504 1214 3589 quod
1235 3502 1261 3569 si
1286 3503 1400 3567 volnis-

177 3620 241 3664 sem
270 3602 385 3688 ubique
415 3602 527 3682 lacere,
563 3602 611 3669 vix
640 3602 823 3670 invenissem
853 3604 961 3682 finem,
996 3606 1028 3669 in
1062 3606 1154 3670 rebus
1187 3602 1402 3689 mythologicis

177 3700 354 3783 pracsertim
385 3710 416 3766 ct
438 3702 469 3767 in
495 3704 797 3788 interpretationibus
823 3704 984 3770 verborum
1006 3704 1143 3788 Virgilii:
1169 3704 1222 3769 secl
1247 3704 1279 3768 id
1303 3724 1402 3789 genus

179 3819 258 3882 quae
280 3800 345 3866 aliis
367 3801 440 3866 locis
460 3811 563 3868 essent
584 3804 622 3869 ab
644 3804 711 3868 aliis
736 3802 889 3889 disputata
911 3824 974 3867 non
996 3802 1173 3868 omittebam
1198 3805 1338 3870 consulto
1363 3806 1402 3889 θ).
1479 3807 1480 3818 ’

336 4083 423 4133 Nostri
440 4084 563 4151 asnieres,
582 4088 665 4139 ueluti
682 4090 745 4139 beas
759 4088 845 4141 snalla
863 4088 1009 4153 lectitasse,
1029 4088 1076 4140 laos
1091 4090 1196 4157 optime,

330 4182 346 4215 a
360 4166 468 4233 frigora
485 4182 585 4221 suanam
597 4170 688 4235 falsare
704 4172 761 4223 alias
779 4172 876 4238 stptsm
893 4171 1061 4223 Saturnalia.

247 4249 275 4309 a)
295 4248 333 4297 Ad
352 4246 410 4298 Sat.
426 4248 455 4311 l'‚
476 4255 514 4316 18,
533 4254 614 4317 Ὴψι
643 4253 732 4304 adina
752 4254 779 4304 isl
796 4254 867 4318 quod
888 4253 1047 4320 nuperrime
1065 4254 1158 4320 (Neue
1173 4253 1272 4307 Jalasb.
1291 4256 1312 4307 l.
1326 4256 1402 4311 l'lail.
1479 4317 1480 4338 3
