2992 4867
257 48 615 119 SATURNALIORUM
639 50 715 120 LlB.
737 56 806 120 Vll.
829 56 921 123 (le.
943 58 1010 123 vlt
1028 61 1112 126 vnl.
1207 66 1270 131 597

102 226 171 285 tum
197 219 277 284 sumi
301 218 340 283 de
365 239 398 283 se
421 238 484 283 non
513 219 628 303 patitur
655 228 804 318 quantum
827 220 958 286 sufficiat
982 223 1132 290 ebrietati.
1182 226 1326 296 Addol'l

4 328 5 381 ς
102 302 202 380 aliud,
230 303 369 368 naturali
396 303 515 367 ratione
539 304 678 368 ebrietati
700 304 891 369 dulcedinem
914 326 1101 389 repugnare,
1135 307 1213 373 adeo
1238 322 1275 379 ut

4 390 6 435 l
102 388 211 452 medici
232 408 286 451 eos
305 386 359 472 qui
376 408 475 473 usque
497 387 535 451 ad
555 388 724 471 perieulum
742 388 958 453 distenduntur
979 390 1049 455 rino
1070 391 1204 476 plurimo
1221 416 1272 459 eo-

4 474 5 483 *
101 479 174 570 pant
201 491 340 536 vomere:
374 480 404 535 et
432 479 502 557 poet
527 473 676 537 vomitum
700 480 808 538 eontra
829 472 947 538 fumum
969 474 1031 537 vini
1051 477 1105 560 qui
1127 478 1274 543 remansit

100 578 133 620 rn
155 556 239 621 venie
259 576 369 640 panem
392 556 525 630 offerunt
543 557 632 621 melle
652 558 787 635 inlitum,
819 566 851 622 et
871 556 913 621 ita
933 557 1087 623 bominem
1108 560 1149 624 ab
1172 561 1271 626 ebrie-

98 640 170 706 tatis
195 640 275 704 malo
296 639 427 705 dulcedo
451 640 594 705 defendit.
638 642 712 706 ldeo
735 662 753 707 e
789 661 893 706 onon
912 642 1042 707 inebriat
1058 652 1193 709 mustum
1217 645 1312 730 iopas

100 745 162 810 quo
190 733 236 789 est
263 726 327 790 sola
353 724 492 790 dulcedo.
537 725 597 791 Sed
621 734 653 789 et
682 727 742 791 boo
785 725 935 791 oidooea
962 726 1081 793 ratione
1106 729 1271 805 deseendit,
1283 666 1321 794 li

99 810 183 894 quod
205 818 340 874 mustum
358 829 449 894 grave
467 818 523 887 est,
543 818 574 875 et
592 810 682 875 llatus
699 818 730 875 et
748 830 765 874 a
789 830 847 877 nae
866 811 1068 897 permixtione
1086 820 1118 876 et
1136 814 1272 897 pondere

100 914 157 959 suo
180 895 241 959 nito
262 892 294 957 in
315 894 455 958 intestina
478 894 630 960 delabitur
650 916 685 959 ao
705 830 843 979 proluit,
871 916 927 960 nee
947 904 1051 960 manet
1068 897 1099 960 in
1119 897 1192 961 loeis
1213 898 1269 962 ob·

91 977 199 1041 noxiis
221 977 376 1043 ebrietati:
409 978 565 1063 delapsum
598 998 672 1044 roro
698 980 845 1065 relinquit
871 980 938 1045 sine
966 981 1060 1046 dubio
1086 981 1116 1045 in
1145 980 1270 1047 bomine

100 1062 204 1126 ambas
230 1062 391 1145 qualitates
419 1071 547 1127 naturae
578 1083 664 1140 suae,
696 1084 826 1148 quarum
850 1065 943 1128 altera
973 1065 1003 1129 in
1027 1066 1101 1129 llatu
1122 1064 1216 1129 altera
1237 1065 1268 1128 in

98 1165 197 1229 nquam
222 1146 391 1211 substantia
411 1154 465 1211 est.
510 1145 570 1212 Sed
592 1147 682 1211 uatus
702 1147 827 1231 quidem
849 1149 937 1233 quasi
957 1168 1055 1232 aeque
1078 1149 1268 1233 ponderosus
1281 1149 1319 1213 19

99 1230 130 1295 in
150 1229 212 1293 ima
232 1229 393 1306 delabitur,
413 1250 511 1315 aquae
528 1251 598 1296 vero
625 1232 755 1315 qualitas
773 1254 836 1297 non
854 1234 954 1297 solum
973 1232 1039 1317 ipsa
1058 1254 1123 1297 non
1151 1233 1268 1317 inpellit

99 1314 318 1391 inlusurum,
347 1314 467 1390 sedet,
500 1314 527 1377 ei
552 1335 612 1399 qua
635 1315 741 1380 vinalis
767 1314 917 1381 fortitudo
943 1317 974 1380 in
997 1316 1121 1381 homino
1144 1317 1266 1395 resedit,

98 1396 192 1475 hano,
207 1398 296 1463 diluit
322 1405 353 1462 et
374 1397 533 1481 extinguit
582 1400 686 1463 Inesse
714 1408 825 1464 autem
843 1420 954 1486 aquam
984 1408 1086 1483 musto
1119 1401 1165 1467 vel
1195 1399 1318 1464 hincab

98 1482 239 1558 docetur,
259 1482 353 1568 quod,
376 1501 445 1546 eum
465 1485 496 1546 in
513 1490 695 1548 vetustatem
714 1484 862 1568 procedit,
883 1485 918 1549 fit
935 1503 1077 1550 mensura
1093 1484 1194 1548 minus
1212 1486 1265 1549 sed

97 1567 197 1631 aerius
223 1566 413 1644 lenitudine,
449 1567 522 1652 quia
547 1565 684 1631 exhalata
710 1584 788 1655 equa
816 1588 876 1653 qua
904 1569 1099 1633 molliebatur
1130 1576 1267 1632 remanet

97 1651 158 1717 vini
183 1651 248 1715 sola
272 1658 379 1715 natura
401 1671 471 1715 eum
494 1651 673 1717 lortitudine
694 1673 749 1719 sua
770 1652 877 1733 libera,
913 1652 995 1717 nulla
1017 1652 1106 1717 diluti
1128 1652 1265 1717 humoris

98 1736 301 1821 permixtione
322 1734 447 1799 mollita.
945 1800 949 1805 ,

182 1820 267 1885 Vlll.
309 1820 385 1884 Post
402 1819 476 1884 haee
494 1818 607 1883 Furius
624 1817 771 1883 Albinus:
788 1820 857 1904 Ego
877 1840 1002 1905 quoque
1041 1840 1077 1884 ro
1093 1820 1171 1885 uirili
1192 1824 1289 1904 por-l

96 1904 180 1968 tione
198 1902 353 1968 bisarium
371 1912 510 1971 nostrum
530 1902 727 1967 inexercitum
745 1924 808 1967 non
826 1905 901 1968 relin
925 1923 987 1969 uo.
1013 1842 1116 1981 Biora,
1138 1924 1264 1988 quaeso,

97 2008 176 2074 quae
194 2008 286 2052 eausa
310 1986 432 2052 dillioile
453 1986 573 2071 digestu
595 1986 666 2050 lacit
688 1986 816 2065 isicium,
837 2009 880 2073 qu
941 1988 980 2053 ab
1001 1988 1167 2053 insertione
1187 1991 1262 2053 riesi-

95 2074 175 2139 eium
194 2071 310 2138 dietum
333 2070 495 2138 amissione
516 2093 538 2137 n
561 2070 680 2135 litterae
701 2080 807 2157 postea
830 2072 914 2157 quod
934 2092 1016 2139 nuno
1036 2072 1129 2138 habet
1149 2093 1263 2139 nomen

883 2240 955 2293 ΕΜ.
978 2239 1196 2307 rieebgepaleb.]

96 2326 211 2377 duotore
236 2325 298 2375 eine
324 2322 362 2374 vi.
397 2324 459 2375 vino
487 2324 673 2377 distenduntur
698 2323 732 2374 ela
758 2357 766 2371 .
871 2326 913 2373 18.
942 2323 976 2374 de
995 2324 1092 2375 idonee
1113 2320 1264 2373 e-oPatta.

96 2393 191 2445 idonee
209 2389 559 2457 (om.ee)asr1v-galra.
581 2418 613 2429 —
640 2340 769 2451 defertffit
787 2405 808 2457 g
826 2386 854 2439 in
871 2406 897 2439 nr
922 2426 928 2439 .
954 2415 980 2428 ·-
1007 2389 1186 2455 permistione
1205 2402 1265 2452 r-g.

96 2486 129 2499 -··
148 2459 200 2510 cito
219 2474 271 2510 om.
290 2456 370 2508 Pe·e.
400 2455 534 2522 „alumine
553 2464 582 2509 et
602 2458 703 2508 melior
722 2456 771 2507 Ed.
791 2462 838 2507 ret
854 2457 891 2513 (Δ
920 2454 1134 2521 Smngbtlw)
1149 2455 1266 2520 pondere

95 2544 143 2578 eno
161 2526 242 2577 eito.“
259 2524 344 2575 Zenn.
368 2552 401 2563 -
431 2525 557 2576 intestino
575 2525 643 2589 (orn.
664 2526 706 2583 in)
726 2522 844 2575 ast-mr.
871 2550 903 2559 -
929 2523 1069 2574 dilabitur
1090 2521 1118 2572 S.
1225 2522 1264 2569 19.

96 2601 121 2645 et
138 2592 266 2659 expellit
286 2590 317 2641 P.
419 2594 462 2642 20.
487 2592 516 2643 in
532 2598 667 2643 uetustate
683 2608 708 2641 r.
724 2617 760 2629 -
773 2606 827 2655 pne
843 2606 897 2640 ona.
912 2589 943 2639 Α.
962 2615 995 2628 -
1010 2588 1188 2657 permistione
1204 2602 1266 2653 v-g.
1363 2621 1365 2625 -

164 2674 237 2725 Vlll.
279 2676 364 2741 Caput
386 2676 409 2723 V
412 2675 463 2725 lll.
493 2674 532 2724 De
544 2675 679 2735 fusilitate
693 2672 735 2723 eet
751 2672 913 2738 difficultate
927 2669 1084 2739 digeetieeie
1100 2669 1266 2735 quorundum

95 2742 224 2793 eiborame
250 2742 332 2807 depae
351 2741 413 2791 aliie
433 2740 590 2805 potiorum
609 2738 816 2808 pnueetiaeerelie
833 2756 866 2804 op
885 2738 930 2788 ido
948 2753 1028 2803 φιω
1046 2737 1161 2815 argutia.
1187 2735 1266 2785 ele-b.

200 2812 222 2857 1.
247 2808 366 2874 relinquo
385 2808 455 2871 (om.
470 2809 538 2867 non)
556 2808 591 2864 u.
614 2834 648 2845 -
676 2804 853 2873 digestum
877 2804 977 2870 erma.
992 2828 1028 2839 -
1051 2803 1154 2853 terrione
1171 2802 1265 2851 Pllvll

95 2872 192 2923 alapa.
226 2874 338 2926 ieitium
363 2873 445 2941 Ao-g.
480 2874 605 2925 initium
626 2873 680 2924 all.
716 2872 847 2923 ineieiuea
871 2872 926 2921 e-b.
962 2870 1097 2921 initium
1118 2867 1205 2919 Sim,
1231 2894 1265 2904 —

95 2940 264 3005 insecutione
282 2940 376 2991 Allrl.
407 2968 440 2980 -
464 2941 590 2993 inritioee
612 2940 718 3006 Ast-g.
747 2964 780 2977 -
808 2937 957 2989 nnieeioee.
976 2954 1003 2987 n.
1020 2936 1126 2993 litterae
1148 2928 1264 2986 Asuvi.

128 3092 172 3139 lt.
209 3096 299 3141 eontra
311 3080 417 3154 suerum
436 3090 503 3156 eieai]
523 3088 560 3141 ct
586 3107 609 3141 o.
626 3093 654 3153 4,
708 3085 751 3141 To
773 3084 827 3171 peip
849 3083 879 3139 ἐν
901 3081 979 3138 αὖτ’
1000 3076 1179 3164 ὖᾶατῶζδεςρ
1202 3078 1266 3160 ppli-

96 3159 174 3220 998.
190 3162 218 3206 et
238 3174 261 3205 e.
279 3160 306 3219 b,
324 3156 338 3223 ξ
358 3160 397 3207 14.
481 3176 486 3179 ·
605 3217 607 3223 ,
703 3169 753 3213 νος
770 3153 915 3204 matam.
990 3154 1173 3202 mennnreeert
1188 3146 1265 3198 titane

130 3228 171 3275 18.
207 3224 240 3275 de
263 3224 358 3273 idoneo
383 3224 489 3275 tutione
511 3223 654 3289 deseendit]
705 3221 831 3272 Βοιωτέ·
850 3220 953 3270 Pone.-

95 3290 139 3339 Cl'.
157 3290 237 3341 Puol.
252 3290 359 3356 liigeet.
378 3290 478 3351 titul,
501 3292 523 3351 1,
540 3294 573 3339 tr
585 3296 655 3340 extr.
741 3286 816 3349 1ἸΙΙ,
834 3288 858 3334 l·
879 3279 1264 3361 seeit1Vid.proleg·g.'xnr.

97 3358 228 3410 ludieirnn
276 3356 310 3407 od
326 3355 444 3406 ertone
481 3356 513 3404 de
528 3356 656 3405 deeeen·
738 3352 844 3403 ieieium
870 3385 896 3400 ..
922 3351 956 3400 ab
979 3350 1122 3400 inseeteoee
1145 3345 1267 3395 rexerim

95 3423 161 3483 dit,
189 3428 218 3471 et
241 3374 357 3485 Ulpiae.
378 3420 418 3470 ib.
469 3420 546 3483 bill,
563 3423 611 3479 96,
632 3424 656 3472 l.
707 3418 816 3483 dietam]
833 3414 924 3479 „Nolo
941 3432 972 3467 re
991 3420 1069 3464 etere
1086 3427 1162 3490 qnae·
1175 3411 1210 3460 de
1223 3413 1267 3462 ie·

98 3487 176 3551 Quod
208 3502 293 3553 genna
329 3484 499 3538 liberalitatis
530 3502 567 3537 ee
598 3487 657 3537 inre
705 3486 770 3535 eieio
810 3482 942 3532 dixerunt
973 3432 1198 3547 [indenbrognee
1231 3477 1266 3529 ad

96 3554 218 3623 gentium
236 3551 420 3603 deseendit.
583 3576 587 3589 ·
706 3551 807 3601 Donat.
829 3547 982 3599 comment.
1007 3546 1036 3596 in
1059 3545 1175 3595 Terent.
1196 3542 1267 3595 line.

131 3628 157 3672 et
183 3620 270 3683 fletae
301 3626 326 3669 et
356 3633 443 3683 equae
472 3615 655 3683 permixtione]
706 3616 748 3676 ll,
767 3618 798 3675 9,
816 3618 861 3665 96.
877 3623 905 3667 et
923 3614 1042 3666 Cteenb.
1063 3612 1098 3663 ud
1117 3611 1216 3661 Athen.
1239 3626 1265 3675 p.

96 3685 268 3739 Pluterohne
299 3700 326 3751 p.
356 3686 416 3735 ⁶56.
445 3678 479 3733 B.
508 3683 593 3734 babet
622 3699 656 3734 ex
705 3680 997 3746 eat.[ut1x‚e.o.‚
1016 3683 1056 3730 19.
1095 3680 1177 3735 Mt,
1196 3675 1265 3740 d.].“

96 3752 264 3805 Aristotelea
308 3745 368 3803 -Tb
400 3746 472 3802 eote
515 3744 657 3815 συμμένειν
706 3750 794 3801 Zenn.
812 3776 837 3806 ,-
858 3748 901 3800 cl.
918 3748 1005 3799 verro
1020 3744 1052 3797 la.
1091 3744 1267 3806 ,13911119

95 3817 339 3885 πνευματῶδες
356 3814 403 3869 ml
419 3810 602 3875 ὑδατῶδες.
707 3816 837 3869 lneiein
850 3816 884 3866 eb
899 3832 929 3866 eo
945 3812 1015 3881 pond
1033 3812 1161 3864 inrecte
1178 3825 1266 3888 aurp,

131 3888 159 3937 ie
182 3887 246 3937 loeis
266 3884 383 3945 obnoxiis
404 3882 534 3950 ebrietate]
561 3882 605 3934 Cf.
631 3900 655 3934 e.
704 3892 735 3937 ert
751 3884 780 3934 in
796 3882 913 3933 semine
931 3881 1066 3932 Saliorum
1079 3886 1133 3939 eat,
1150 3876 1220 3942 qnod
1237 3894 1267 3926 ee

96 3956 157 4016 Μ
178 3956 219 4005 ll.
623 3982 625 3985 ·
706 3952 774 4002 ertit
798 3949 896 4000 dieitur
921 3964 991 3999 eone
1011 3953 1164 4013 proemium.
1203 3941 1269 3994 aar·

132 4024 174 4071 19.
209 4020 307 4070 muniit
323 4017 465 4134 fortitudo)
485 4016 656 4069 Plutarohne
705 4006 1268 4091 maeineadAel.11eenprid·.·lleliogapb.

96 4089 116 4139 Ι.
130 4104 152 4139 e.
166 4085 253 4137 habet
269 4092 374 4137 tentum
391 4078 447 4150 app
462 4079 559 4149 ὕπερον
568 4085 657 4134 ποιεῖν
708 4087 748 4135 19.
763 4083 785 4145 1,
805 4100 832 4147 p.
847 4084 907 4132 891.
920 4079 1043 4147 „Scribe
1057 4093 1145 4138 mern,
1160 4080 1262 4141 aequet,

98 4149 150 4205 τὸν
164 4146 249 4217 οἶνον,
267 4152 341 4204 inire
356 4158 449 4203 entem
466 4146 611 4215 δυνάμει
628 4146 658 4202 dl
707 4148 811 4203 Graeel
829 4147 903 4199 enim
926 4146 1001 4198 tecue
1021 4151 1050 4196 et
1072 4141 1190 4221 lelueptff‘
1214 4147 1270 4221 eet.

100 4214 233 4287 σφοδρά
239 4234 344 4285 eapse.
710 4218 790 4272 liene
806 4215 975 4281 seripturem
990 4212 1097 4264 hebent
1107 4214 1193 4260 etiem
1202 4208 1270 4275 Apr-

132 4291 176 4339 w.
210 4286 337 4339 ardema
360 4284 441 4352 equo]
472 4282 549 4347 ‚‚Nee
576 4280 660 4335 aliter
710 4282 773 4337 eiue
790 4282 828 4345 ll,
847 4286 877 4344 t;
900 4278 1039 4332 Arnoblae
1058 4276 1163 4359 ¹¹’.⁴²³
1183 4276 1271 4342 Apol.

99 4354 134 4407 de
163 4353 219 4409 lene
253 4352 364 4421 liquare
394 4355 492 4405 auctor
519 4350 660 4418 (leopati-a
712 4351 829 4403 Meum.
846 4347 890 4413 ll,
906 4352 939 4413 ῖς
954 4346 1004 4400 ubi
1020 4344 1078 4399 vid.
1093 4347 1271 4411 interpretes.
